
%%% KOTO thesis
@thesis{Jay,
  author = {C. Lin},
  title  = {Study of $K_L^0 \to\pi^0\nu\bar\nu$ and $K_L^0 \to\pi^0\gamma\gamma$ with the Cluster-Finding Trigger at KOTO},
  doi    = {10.6342/NTU202102308},
  school = {National Taiwan University},
  year   = {2021}
}

@thesis{Shinohara,
  author      = {S. Shinohara},
  title       = {Study of the $K_L^0 \to\pi^0\nu\bar\nu$ Decay at the J-PARC KOTO Experiment},
  type        = {Ph.D. thesis},
  institution = {Osaka University },
  year        = {2021},
  eprint      = {https://www-he.scphys.kyoto-u.ac.jp/theses/doctor/dt_shinohara.pdf}
}

@thesis{Maeda,
  author      = {Y. Maeda},
  title       = {Search for the Decay $K_L^0\to\pi^0\nu\overline{\nu}$ with a Neutron-Insensitive GeV- Energy Photon Detector},
  type        = {Ph.D. thesis},
  institution = {Kyoto University},
  year        = {2016},
  eprint      = {https://inspirehep.net/files/0724be4f865cda48f0454d089dbada36}
}

@thesis{Masuda,
  author = {Masuda, Takahiko},
  title  = {{Development and Experimental Study of the KOTO Detector System using Three $K_L$ Neutral Decay Modes}},
  type   = {Ph.D. thesis},
  doi    = {10.14989/doctor.k18076},
  school = {Kyoto University},
  year   = {2014}
}

@thesis{Kota,
  author      = {Kota Nakagiri},
  title       = {Search for the Decay $K_L^0\to\pi^0\nu\overline{\nu}$ at the J-PARC KOTO Experiment},
  type        = {Ph.D. thesis},
  institution = {Kyoto University},
  year        = {2019},
  doi         = {10.14989/doctor.k21564},
  eprint      = {http://hdl.handle.net/2433/242602}
}

@thesis{Jong-won,
  author      = {Lee, Jong-Won},
  title       = {Energy Calibration Method for the KOTO CsI Calorimeter},
  type        = {Ph.D. thesis},
  institution = {Osaka University },
  year        = {2014},
  doi         = {10.18910/50463}
}


% Sato
@thesis{Sato,
  author      = {Kazufumi Sato},
  title       = {Measurement of the CsI calorimeter performance and KL momentum spectrum for the J-PARC KOTO experiment},
  type        = {Ph.D. thesis},
  institution = {Osaka University},
  year        = {2015},
  eprint      = {http://osksn2.hep.sci.osaka-u.ac.jp/theses/doctor/2015/dt_sato.pdf}
}


@thesis{Su,
  author      = {Stephanie Y. Su},
  title       = {Search for the Neutral Long-Lived Kaon Rare Decay $K_L^0\to\pi^0\nu\overline{\nu}$},
  type        = {Ph.D. thesis},
  institution = {University of Michigan},
  year        = {2019}
}

% Masuda
@article{kaon_flux,
  title     = {Long-lived neutral-kaon flux measurement for the KOTO experiment},
  volume    = {2016},
  issn      = {2050-3911},
  url       = {http://dx.doi.org/10.1093/ptep/ptv171},
  doi       = {10.1093/ptep/ptv171},
  number    = {1},
  journal   = {Progress of Theoretical and Experimental Physics},
  publisher = {Oxford University Press (OUP)},
  author    = {Masuda, T. and Ahn, J. K. and Banno, S. and Campbell, M. and Comfort, J. and Duh, Y. T. and Hineno, T. and Hsiung, Y. B. and Inagaki, T. and Iwai, E. and et al.},
  year      = {2016},
  month     = {Jan},
  pages     = {013C03}
}



%% P theory by Lee, T. D., Yang C. N
@article{P_theory,
  title     = {Question of Parity Conservation in Weak Interactions},
  author    = {Lee, T. D. and Yang, C. N.},
  journal   = {Phys. Rev.},
  volume    = {104},
  issue     = {1},
  pages     = {254--258},
  numpages  = {0},
  year      = {1956},
  month     = {Oct},
  publisher = {American Physical Society},
  doi       = {10.1103/PhysRev.104.254},
  url       = {https://link.aps.org/doi/10.1103/PhysRev.104.254}
}

%% experiment result of P violation
@article{P_violation_exp,
  title     = {Experimental Test of Parity Conservation in Beta Decay},
  author    = {Wu, C. S. and Ambler, E. and Hayward, R. W. and Hoppes, D. D. and Hudson, R. P.},
  journal   = {Phys. Rev.},
  volume    = {105},
  issue     = {4},
  pages     = {1413--1415},
  numpages  = {0},
  year      = {1957},
  month     = {Feb},
  publisher = {American Physical Society},
  doi       = {10.1103/PhysRev.105.1413},
  url       = {https://link.aps.org/doi/10.1103/PhysRev.105.1413}
}

%% Sakharov condition
@article{Sakharov,
  author  = {A. D. Sakharov},
  title   = {Violation of CP-Invariance, C-Asymmetry, and Baryon Asymmetry of     the Universe},
  journal = {JETP Letter},
  volumn  = {5},
  pages   = {24-27},
  year    = {1967},
  month   = {Jan}
}

%% CP violation experiment from K -> 2 pi
@article{K_CPviolation_exp,
  title     = {Evidence for the $2\ensuremath{\pi}$ Decay of the $K_{2}^{0}$ Meson},
  author    = {Christenson, J. H. and Cronin, J. W. and Fitch, V. L. and Turlay, R.},
  journal   = {Phys. Rev. Lett.},
  volume    = {13},
  issue     = {4},
  pages     = {138--140},
  numpages  = {0},
  year      = {1964},
  month     = {Jul},
  publisher = {American Physical Society},
  doi       = {10.1103/PhysRevLett.13.138},
  url       = {https://link.aps.org/doi/10.1103/PhysRevLett.13.138}
}

%% KM model
@article{KM,
  author   = {Kobayashi, Makoto and Maskawa, Toshihide},
  title    = {{CP-Violation in the Renormalizable Theory of Weak Interaction}},
  journal  = {Progress of Theoretical Physics},
  volume   = {49},
  number   = {2},
  pages    = {652-657},
  year     = {1973},
  month    = {02},
  abstract = {{In a framework of the renormalizable theory of weak interaction, problems of CP-violation are studied. It is concluded that no realistic models of CP-violation exist in the quartet scheme without introducing any other new fields. Some possible models of CP-violation are also discussed.}},
  issn     = {0033-068X},
  doi      = {10.1143/PTP.49.652},
  url      = {https://doi.org/10.1143/PTP.49.652}
}

%% Strange particle
@article{strange_exp,
  title   = {Evidence for the Existence of New Unstable Elementary Particles},
  author  = {Rochester, G. D. and Butler, C. C.},
  journal = {Nature},
  volume  = {160},
  number  = {4077},
  pages   = {855--857},
  year    = {1947},
  month   = {12},
  doi     = {10.1038/160855a0},
  url     = {https://doi.org/10.1038/160855a0}
}

%% Gell-Mann strangeness
@article{gell_mann_strangeness,
  title     = {Isotopic Spin and New Unstable Particles},
  author    = {Gell-Mann, M.},
  journal   = {Phys. Rev.},
  volume    = {92},
  issue     = {3},
  pages     = {833--834},
  numpages  = {0},
  year      = {1953},
  month     = {Nov},
  publisher = {American Physical Society},
  doi       = {10.1103/PhysRev.92.833},
  url       = {https://link.aps.org/doi/10.1103/PhysRev.92.833}
}

%% Nishijima strangeness
@article{nishijima_strangeness,
  author  = {Nakano, Tadao and Nishijima, Kazuhiko},
  title   = {{Charge Independence for V-particles*}},
  journal = {Progress of Theoretical Physics},
  volume  = {10},
  number  = {5},
  pages   = {581-582},
  year    = {1953},
  month   = {11},
  issn    = {0033-068X},
  doi     = {10.1143/PTP.10.581},
  url     = {https://doi.org/10.1143/PTP.10.581},
  eprint  = {https://academic.oup.com/ptp/article-pdf/10/5/581/5364926/10-5-581.pdf}
}

%% Cabibbo
@article{Cabibbo,
  title     = {Unitary Symmetry and Leptonic Decays},
  author    = {Cabibbo, Nicola},
  journal   = {Phys. Rev. Lett.},
  volume    = {10},
  issue     = {12},
  pages     = {531--533},
  numpages  = {0},
  year      = {1963},
  month     = {Jun},
  publisher = {American Physical Society},
  doi       = {10.1103/PhysRevLett.10.531},
  url       = {https://link.aps.org/doi/10.1103/PhysRevLett.10.531}
}

%% GIM
@article{GIM,
  title     = {Weak Interactions with Lepton-Hadron Symmetry},
  author    = {Glashow, S. L. and Iliopoulos, J. and Maiani, L.},
  journal   = {Phys. Rev. D},
  volume    = {2},
  issue     = {7},
  pages     = {1285--1292},
  numpages  = {0},
  year      = {1970},
  month     = {Oct},
  publisher = {American Physical Society},
  doi       = {10.1103/PhysRevD.2.1285},
  url       = {https://link.aps.org/doi/10.1103/PhysRevD.2.1285}
}

% g-2
@article{g-2,
  title   = {The muon $g-2$},
  journal = {Physics Reports},
  volume  = {477},
  number  = {1},
  pages   = {1 - 110},
  year    = {2009},
  issn    = {0370-1573},
  doi     = {10.1016/j.physrep.2009.04.003},
  author  = {Fred Jegerlehner and Andreas Nyffeler}
}

%% charm exp SLAC
@article{charm_SLAC,
  title     = {Discovery of a Narrow Resonance in ${e}^{+}{e}^{\ensuremath{-}}$ Annihilation},
  author    = {Augustin, J. -E. and Boyarski, A. M. and Breidenbach, M. and Bulos, F. and Dakin, J. T. and Feldman, G. J. and Fischer, G. E. and Fryberger, D. and Hanson, G. and Jean-Marie, B. and Larsen, R. R. and L\"uth, V. and Lynch, H. L. and Lyon, D. and Morehouse, C. C. and Paterson, J. M. and Perl, M. L. and Richter, B. and Rapidis, P. and Schwitters, R. F. and Tanenbaum, W. M. and Vannucci, F. and Abrams, G. S. and Briggs, D. and Chinowsky, W. and Friedberg, C. E. and Goldhaber, G. and Hollebeek, R. J. and Kadyk, J. A. and Lulu, B. and Pierre, F. and Trilling, G. H. and Whitaker, J. S. and Wiss, J. and Zipse, J. E.},
  journal   = {Phys. Rev. Lett.},
  volume    = {33},
  issue     = {23},
  pages     = {1406--1408},
  numpages  = {0},
  year      = {1974},
  month     = {Dec},
  publisher = {American Physical Society},
  doi       = {10.1103/PhysRevLett.33.1406},
  url       = {https://link.aps.org/doi/10.1103/PhysRevLett.33.1406}
}

%% charm exp BNL
@article{charm_BNL,
  title     = {Experimental Observation of a Heavy Particle $J$},
  author    = {Aubert, J. J. and Becker, U. and Biggs, P. J. and Burger, J. and Chen, M. and Everhart, G. and Goldhagen, P. and Leong, J. and McCorriston, T. and Rhoades, T. G. and Rohde, M. and Ting, Samuel C. C. and Wu, Sau Lan and Lee, Y. Y.},
  journal   = {Phys. Rev. Lett.},
  volume    = {33},
  issue     = {23},
  pages     = {1404--1406},
  numpages  = {0},
  year      = {1974},
  month     = {Dec},
  publisher = {American Physical Society},
  doi       = {10.1103/PhysRevLett.33.1404},
  url       = {https://link.aps.org/doi/10.1103/PhysRevLett.33.1404}
}

%% bottom quark
@article{bottom,
  title     = {Observation of a Dimuon Resonance at 9.5 GeV in 400-GeV Proton-Nucleus Collisions},
  author    = {Herb, S. W. and Hom, D. C. and Lederman, L. M. and Sens, J. C. and Snyder, H. D. and Yoh, J. K. and Appel, J. A. and Brown, B. C. and Brown, C. N. and Innes, W. R. and Ueno, K. and Yamanouchi, T. and Ito, A. S. and J\"ostlein, H. and Kaplan, D. M. and Kephart, R. D.},
  journal   = {Phys. Rev. Lett.},
  volume    = {39},
  issue     = {5},
  pages     = {252--255},
  numpages  = {0},
  year      = {1977},
  month     = {Aug},
  publisher = {American Physical Society},
  doi       = {10.1103/PhysRevLett.39.252},
  url       = {https://link.aps.org/doi/10.1103/PhysRevLett.39.252}
}

%% top CDF
@article{top_CDF,
  title         = {Observation of Top Quark Production in $\overline{\mathit{p}}\mathit{p}$ Collisions with the Collider Detector at Fermilab},
  author        = {Abe, F. and Akimoto, H. and Akopian, A. and Albrow, M. G. and Amendolia, S. R. and Amidei, D. and Antos, J. and Anway-Wiese, C. and Aota, S. and Apollinari, G. and Asakawa, T. and Ashmanskas, W. and Atac, M. and Auchincloss, P. and Azfar, F. and Azzi-Bacchetta, P. and Bacchetta, N. and Badgett, W. and Bagdasarov, S. and Bailey, M. W. and Bao, J. and de Barbaro, P. and Barbaro-Galtieri, A. and Barnes, V. E. and Barnett, B. A. and Bartalini, P. and Bauer, G. and Baumann, T. and Bedeschi, F. and Behrends, S. and Belforte, S. and Bellettini, G. and Bellinger, J. and Benjamin, D. and Benlloch, J. and Bensinger, J. and Benton, D. and Beretvas, A. and Berge, J. P. and Bertolucci, S. and Bhatti, A. and Biery, K. and Binkley, M. and Bisello, D. and Blair, R. E. and Blocker, C. and Bodek, A. and Bokhari, W. and Bolognesi, V. and Bortoletto, D. and Boudreau, J. and Brandenburg, G. and Breccia, L. and Bromberg, C. and Buckley-Geer, E. and Budd, H. S. and Burkett, K. and Busetto, G. and Byon-Wagner, A. and Byrum, K. L. and Cammerata, J. and Campagnari, C. and Campbell, M. and Caner, A. and Carithers, W. and Carlsmith, D. and Castro, A. and Cauz, G. and Cen, Y. and Cervelli, F. and Chao, H. Y. and Chapman, J. and Cheng, M.-T. and Chiarelli, G. and Chikamatsu, T. and Chiou, C. N. and Christofek, L. and Cihangir, S. and Clark, A. G. and Cobal, M. and Contreras, M. and Conway, J. and Cooper, J. and Cordelli, M. and Couyoumtzelis, C. and Crane, D. and Cronin-Hennessy, D. and Culbertson, R. and Cunningham, J. D. and Daniels, T. and DeJongh, F. and Delchamps, S. and Dell'Agnello, S. and Dell'Orso, M. and Demortier, L. and Denby, B. and Deninno, M. and Derwent, P. F. and Devlin, T. and Dickson, M. and Dittmann, J. R. and Donati, S. and Drucker, R. B. and Dunn, A. and Eddy, N. and Einsweiler, K. and Elias, J. E. and Ely, R. and Engels, Jr., E. and Errede, D. and Errede, S. and Fan, Q. and Fiori, I. and Flaugher, B. and Foster, G. W. and Franklin, M. and Frautschi, M. and Freeman, J. and Friedman, J. and Frisch, H. and Fuess, T. A. and Fukui, Y. and Funaki, S. and Gagliardi, G. and Galeotti, S. and Gallinaro, M. and Garcia-Sciveres, M. and Garfinkel, A. F. and Gay, C. and Geer, S. and Gerdes, D. W. and Giannetti, P. and Giokaris, N. and Giromini, P. and Gladney, L. and Glenzinski, D. and Gold, M. and Gonzalez, J. and Gordon, A. and Goshaw, A. T. and Goulianos, K. and Grassmann, H. and Groer, L. and Grosso-Pilcher, C. and Guillian, G. and Guo, R. S. and Haber, C. and Hahn, S. R. and Hamilton, R. and Handler, R. and Hans, R. M. and Hara, K. and Harral, B. and Harris, R. M. and Hauger, S. A. and Hauser, J. and Hawk, C. and Hayashi, E. and Heinrich, J. and Hohlmann, M. and Holck, C. and Hollebeek, R. and Holloway, L. and H\"olscher, A. and Hong, S. and Houk, G. and Hu, P. and Huffman, B. T. and Hughes, R. and Huston, J. and Huth, J. and Hylen, J. and Ikeda, H. and Incagli, M. and Incandela, J. and Iwai, J. and Iwata, Y. and Jensen, H. and Joshi, U. and Kadel, R. W. and Kajfasz, E. and Kamon, T. and Kaneko, T. and Karr, K. and Kasha, H. and Kato, Y. and Keeble, L. and Kelley, K. and Kennedy, R. D. and Kephart, R. and Kesten, P. and Kestenbaum, D. and Keup, R. M. and Keutelian, H. and Keyvan, F. and Kim, B. J. and Kim, D. H. and Kim, H. S. and Kim, S. B. and Kim, S. H. and Kim, Y. K. and Kirsch, L. and Koehn, P. and Kondo, K. and Konigsberg, J. and Kopp, S. and Kordas, K. and Koska, W. and Kovacs, E. and Kowald, W. and Krasberg, M. and Kroll, J. and Kruse, M. and Kuwabara, T. and Kuhlmann, S. E. and Kuns, E. and Laasanen, A. T. and Labanca, N. and Lammel, S. and Lamoureux, J. I. and LeCompte, T. and Leone, S. and Lewis, J. D. and Limon, P. and Lindgren, M. and Liss, T. M. and Lockyer, N. and Long, O. and Loomis, C. and Loreti, M. and Lu, J. and Lucchesi, D. and Lukens, P. and Lusin, S. and Lys, J. and Maeshima, K. and Maghakian, A. and Maksimovic, P. and Mangano, M. and Mansour, J. and Mariotti, M. and Marriner, J. P. and Martin, A. and Matthews, J. A. J. and Mattingly, R. and McIntyre, P. and Melese, P. and Menzione, A. and Meschi, E. and Metzler, S. and Miao, C. and Michail, G. and Mikamo, S. and Miller, R. and Minato, H. and Miscetti, S. and Mishina, M. and Mitsushio, H. and Miyamoto, T. and Miyashita, S. and Morita, Y. and Mueller, J. and Mukherjee, A. and Muller, T. and Murat, P. and Nakada, H. and Nakano, I. and Nelson, C. and Neuberger, D. and Newman-Holmes, C. and Ninomiya, M. and Nodulman, L. and Ogawa, S. and Oh, S. H. and Ohl, K. E. and Ohmoto, T. and Ohsugi, T. and Oishi, R. and Okabe, M. and Okusawa, T. and Oliver, R. and Olsen, J. and Pagliarone, C. and Paoletti, R. and Papadimitriou, V. and Pappas, S. P. and Park, S. and Patrick, J. and Pauletta, G. and Paulini, M. and Pescara, L. and Peters, M. D. and Phillips, T. J. and Piacentino, G. and Pillai, M. and Pitts, K. T. and Plunkett, R. and Pondrom, L. and Proudfoot, J. and Ptohos, F. and Punzi, G. and Ragan, K. and Ribon, A. and Rimondi, F. and Ristori, L. and Robertson, W. J. and Rodrigo, T. and Romano, J. and Rosenson, L. and Roser, R. and Sakumoto, W. K. and Saltzberg, D. and Sansoni, A. and Santi, L. and Sato, H. and Scarpine, V. and Schlabach, P. and Schmidt, E. E. and Schmidt, M. P. and Sciacca, G. F. and Scribano, A. and Segler, S. and Seidel, S. and Seiya, Y. and Sganos, G. and Sgolacchia, A. and Shapiro, M. D. and Shaw, N. M. and Shen, Q. and Shepard, P. F. and Shimojima, M. and Shochet, M. and Siegrist, J. and Sill, A. and Sinervo, P. and Singh, P. and Skarha, J. and Sliwa, K. and Smith, D. A. and Snider, F. D. and Song, T. and Spalding, J. and Sphicas, P. and Spiegel, L. and Spies, A. and Stanco, L. and Steele, J. and Stefanini, A. and Strahl, K. and Strait, J. and Stuart, D. and Sullivan, G. and Soumarokov, A. and Sumorok, K. and Suzuki, J. and Takada, T. and Takahashi, T. and Takano, T. and Takikawa, K. and Tamura, N. and Tartarelli, F. and Taylor, W. and Teng, P. K. and Teramoto, Y. and Tether, S. and Theriot, D. and Thomas, T. L. and Thun, R. and Timko, M. and Tipton, P. and Titov, A. and Tkaczyk, S. and Toback, D. and Tollefson, K. and Tollestrup, A. and Tonnison, J. and de Troconiz, J. F. and Truitt, S. and Tseng, J. and Turini, N. and Uchida, T. and Uemura, N. and Ukegawa, F. and Unal, G. and van den Brink, S. C. and Vejcik III, S. and Velev, G. and Vidal, R. and Vondracek, M. and Vucinic, D. and Wagner, R. G. and Wagner, R. L. and Wahl, J. and Walker, R. C. and Wang, C. and Wang, C. H. and Wang, G. and Wang, J. and Wang, M. J. and Wang, Q. F. and Warburton, A. and Watts, G. and Watts, T. and Webb, R. and Wei, C. and Wendt, C. and Wenzel, H. and Wester III, W. C. and Wicklund, A. B. and Wicklund, E. and Wilkinson, R. and Williams, H. H. and Wilson, P. and Winer, B. L. and Wolinski, D. and Wolinski, J. and Wu, X. and Wyss, J. and Yagil, A. and Yao, W. and Yasuoka, K. and Ye, Y. and Yeh, G. P. and Yeh, P. and Yin, M. and Yoh, J. and Yosef, C. and Yoshida, T. and Yovanovitch, D. and Yu, I. and Yun, J. C. and Zanetti, A. and Zetti, F. and Zhang, L. and Zhang, W. and Zucchelli, S.},
  collaboration = {CDF Collaboration},
  journal       = {Phys. Rev. Lett.},
  volume        = {74},
  issue         = {14},
  pages         = {2626--2631},
  numpages      = {0},
  year          = {1995},
  month         = {Apr},
  publisher     = {American Physical Society},
  doi           = {10.1103/PhysRevLett.74.2626},
  url           = {https://link.aps.org/doi/10.1103/PhysRevLett.74.2626}
}

%% top DO
@article{top_DO,
  title         = {Observation of the Top Quark},
  author        = {Abachi, S. and Abbott, B. and Abolins, M. and Acharya, B. S. and Adam, I. and Adams, D. L. and Adams, M. and Ahn, S. and Aihara, H. and Alitti, J. and \'Alvarez, G. and Alves, G. A. and Amidi, E. and Amos, N. and Anderson, E. W. and Aronson, S. H. and Astur, R. and Avery, R. E. and Baden, A. and Balamurali, V. and Balderston, J. and Baldin, B. and Bantly, J. and Bartlett, J. F. and Bazizi, K. and Bendich, J. and Beri, S. B. and Bertram, I. and Bezzubov, V. A. and Bhat, P. C. and Bhatnagar, V. and Bhattacharjee, M. and Bischoff, A. and Biswas, N. and Blazey, G. and Blessing, S. and Boehnlein, A. and Bojko, N. I. and Borcherding, F. and Borders, J. and Boswell, C. and Brandt, A. and Brock, R. and Bross, A. and Buchholz, D. and Burtovoi, V. S. and Butler, J. M. and Casey, D. and Castilla-Valdez, H. and Chakraborty, D. and Chang, S.-M. and Chekulaev, S. V. and Chen, L.-P. and Chen, W. and Chevalier, L. and Chopra, S. and Choudhary, B. C. and Christenson, J. H. and Chung, M. and Claes, D. and Clark, A. R. and Cobau, W. G. and Cochran, J. and Cooper, W. E. and Cretsinger, C. and Cullen-Vidal, D. and Cummings, M. and Cutts, D. and Dahl, O. I. and De, K. and Demarteau, M. and Demina, R. and Denisenko, K. and Denisenko, N. and Denisov, D. and Denisov, S. P. and Dharmaratna, W. and Diehl, H. T. and Diesburg, M. and Di Loreto, G. and Dixon, R. and Draper, P. and Drinkard, J. and Ducros, Y. and Dugad, S. R. and Durston-Johnson, S. and Edmunds, D. and Efimov, A. O. and Ellison, J. and Elvira, V. D. and Engelmann, R. and Eno, S. and Eppley, G. and Ermolov, P. and Eroshin, O. V. and Evdokimov, V. N. and Fahey, S. and Fahland, T. and Fatyga, M. and Fatyga, M. K. and Featherly, J. and Feher, S. and Fein, D. and Ferbel, T. and Finocchiaro, G. and Fisk, H. E. and Fisyak, Yu. and Flattum, E. and Forden, G. E. and Fortner, M. and Frame, K. C. and Franzini, P. and Fredriksen, S. and Fuess, S. and Galjaev, A. N. and Gallas, E. and Gao, C. S. and Gao, S. and Geld, T. L. and Genik II, R. J. and Genser, K. and Gerber, C. E. and Gibbard, B. and Glaubman, M. and Glebov, V. and Glenn, S. and Glicenstein, J. F. and Gobbi, B. and Goforth, M. and Goldschmidt, A. and Gomez, B. and Goncharov, P. I. and Gordon, H. and Goss, L. T. and Graf, N. and Grannis, P. D. and Green, D. R. and Green, J. and Greenlee, H. and Griffin, G. and Grossman, N. and Grudberg, P. and Gr\"unendahl, S. and Guida, J. A. and Guida, J. M. and Guryn, W. and Gurzhiev, S. N. and Gutnikov, Y. E. and Hadley, N. J. and Haggerty, H. and Hagopian, S. and Hagopian, V. and Hahn, K. S. and Hall, R. E. and Hansen, S. and Hatcher, R. and Hauptman, J. M. and Hedin, D. and Heinson, A. P. and Heintz, U. and Hernandez-Montoya, R. and Heuring, T. and Hirosky, R. and Hobbs, J. D. and Hoeneisen, B. and Hoftun, J. S. and Hsieh, F. and Hu, Ting and Hu, Tong and Huehn, T. and Igarashi, S. and Ito, A. S. and James, E. and Jaques, J. and Jerger, S. A. and Jiang, J. Z.-Y. and Joffe-Minor, T. and Johari, H. and Johns, K. and Johnson, M. and Johnstad, H. and Jonckheere, A. and J\"ostlein, H. and Jun, S. Y. and Jung, C. K. and Kahn, S. and Kang, J. S. and Kehoe, R. and Kelly, M. and Kernan, A. and Kerth, L. and Kim, C. L. and Kim, S. K. and Klatchko, A. and Klima, B. and Klochkov, B. I. and Klopfenstein, C. and Klyukhin, V. I. and Kochetkov, V. I. and Kohli, J. M. and Koltick, D. and Kostritskiy, A. V. and Kotcher, J. and Kourlas, J. and Kozelov, A. V. and Kozlovski, E. A. and Krishnaswamy, M. R. and Krzywdzinski, S. and Kunori, S. and Lami, S. and Landsberg, G. and Lanou, R. E. and Lebrat, J-F. and Lee-Franzini, J. and Leflat, A. and Li, H. and Li, J. and Li, Y. K. and Li-Demarteau, Q. Z. and Lima, J. G. R. and Lincoln, D. and Linn, S. L. and Linnemann, J. and Lipton, R. and Liu, Y. C. and Lobkowicz, F. and Loken, S. C. and L\"ok\"os, S. and Lueking, L. and Lyon, A. L. and Maciel, A. K. A. and Madaras, R. J. and Madden, R. and Mandrichenko, I. V. and Mangeot, Ph. and Mani, S. and Mansouli\'e, B. and Mao, H. S. and Margulies, S. and Markeloff, R. and Markosky, L. and Marshall, T. and Martin, M. I. and Marx, M. and May, B. and Mayorov, A. A. and McCarthy, R. and McKibben, T. and McKinley, J. and Melanson, H. L. and de Mello Neto, J. R. T. and Merritt, K. W. and Miettinen, H. and Milder, A. and Milner, C. and Mincer, A. and de Miranda, J. M. and Mishra, C. S. and Mohammadi-Baarmand, M. and Mokhov, N. and Mondal, N. K. and Montgomery, H. E. and Mooney, P. and Mudan, M. and Murphy, C. and Murphy, C. T. and Nang, F. and Narain, M. and Narasimham, V. S. and Narayanan, A. and Neal, H. A. and Negret, J. P. and Neis, E. and Nemethy, P. and Ne\ifmmode \check{s}\else \v{s}\fi{}i\ifmmode \acute{c}\else \'{c}\fi{}, D. and Norman, D. and Oesch, L. and Oguri, V. and Oltman, E. and Oshima, N. and Owen, D. and Padley, P. and Pang, M. and Para, A. and Park, C. H. and Park, Y. M. and Partridge, R. and Parua, N. and Paterno, M. and Perkins, J. and Peryshkin, A. and Peters, M. and Piekarz, H. and Pischalnikov, Y. and Pluquet, A. and Podstavkov, V. M. and Pope, B. G. and Prosper, H. B. and Protopopescu, S. and Pu\ifmmode \check{s}\else \v{s}\fi{}elji\ifmmode \acute{c}\else \'{c}\fi{}, D. and Qian, J. and Quintas, P. Z. and Raja, R. and Rajagopalan, S. and Ramirez, O. and Rao, M. V. S. and Rapidis, P. A. and Rasmussen, L. and Read, A. L. and Reucroft, S. and Rijssenbeek, M. and Rockwell, T. and Roe, N. A. and Roldan, J. M. R. and Rubinov, P. and Ruchti, R. and Rusin, S. and Rutherfoord, J. and Santoro, A. and Sawyer, L. and Schamberger, R. D. and Schellman, H. and Schmid, D. and Sculli, J. and Shabalina, E. and Shaffer, C. and Shankar, H. C. and Shivpuri, R. K. and Shupe, M. and Singh, J. B. and Sirotenko, V. and Smart, W. and Smith, A. and Smith, R. P. and Snihur, R. and Snow, G. R. and Snyder, S. and Solomon, J. and Sood, P. M. and Sosebee, M. and Souza, M. and Spadafora, A. L. and Stephens, R. W. and Stevenson, M. L. and Stewart, D. and Stocker, F. and Stoianova, D. A. and Stoker, D. and Streets, K. and Strovink, M. and Taketani, A. and Tamburello, P. and Tarazi, J. and Tartaglia, M. and Taylor, T. L. and Teiger, J. and Thompson, J. and Trippe, T. G. and Tuts, P. M. and Varelas, N. and Varnes, E. W. and Virador, P. R. G. and Vititoe, D. and Volkov, A. A. and von Goeler, E. and Vorobiev, A. P. and Wahl, H. D. and Wang, J. and Wang, L. Z. and Warchol, J. and Wayne, M. and Weerts, H. and Wenzel, W. A. and White, A. and White, J. T. and Wightman, J. A. and Wilcox, J. and Willis, S. and Wimpenny, S. J. and Wirjawan, J. V. D. and Wolf, Z. and Womersley, J. and Won, E. and Wood, D. R. and Xu, H. and Yamada, R. and Yamin, P. and Yanagisawa, C. and Yang, J. and Yasuda, T. and Yoshikawa, C. and Youssef, S. and Yu, J. and Yu, Y. and Zhang, Y. and Zhou, Y. H. and Zhu, Q. and Zhu, Y. S. and Zhu, Z. H. and Zieminska, D. and Zieminski, A. and Zinchenko, A. and Zylberstejn, A.},
  collaboration = {D0 Collaboration},
  journal       = {Phys. Rev. Lett.},
  volume        = {74},
  issue         = {14},
  pages         = {2632--2637},
  numpages      = {0},
  year          = {1995},
  month         = {Apr},
  publisher     = {American Physical Society},
  doi           = {10.1103/PhysRevLett.74.2632},
  url           = {https://link.aps.org/doi/10.1103/PhysRevLett.74.2632}
}










%% Gell-mann, KL
@article{kaon_CP_behavior,
  title     = {Behavior of Neutral Particles under Charge Conjugation},
  author    = {Gell-Mann, M. and Pais, A.},
  journal   = {Phys. Rev.},
  volume    = {97},
  issue     = {5},
  pages     = {1387--1389},
  numpages  = {0},
  year      = {1955},
  month     = {Mar},
  publisher = {American Physical Society},
  doi       = {10.1103/PhysRev.97.1387},
  url       = {https://link.aps.org/doi/10.1103/PhysRev.97.1387}
}

% CKM_general
@article{CKM_general,
  title     = {Comments on the Parametrization of the Kobayashi-Maskawa Matrix},
  author    = {Chau, Ling-Lie and Keung, Wai-Yee},
  journal   = {Phys. Rev. Lett.},
  volume    = {53},
  issue     = {19},
  pages     = {1802--1805},
  numpages  = {0},
  year      = {1984},
  month     = {Nov},
  publisher = {American Physical Society},
  doi       = {10.1103/PhysRevLett.53.1802},
  url       = {https://link.aps.org/doi/10.1103/PhysRevLett.53.1802}
}

% CKM_wolfebstein
@article{CKM_wolfenstein,
  title     = {Parametrization of the Kobayashi-Maskawa Matrix},
  author    = {Wolfenstein, Lincoln},
  journal   = {Phys. Rev. Lett.},
  volume    = {51},
  issue     = {21},
  pages     = {1945--1947},
  numpages  = {0},
  year      = {1983},
  month     = {Nov},
  publisher = {American Physical Society},
  doi       = {10.1103/PhysRevLett.51.1945},
  url       = {https://link.aps.org/doi/10.1103/PhysRevLett.51.1945}
}

% PDG 2018
@article{PDG18,
  title         = {Review of Particle Physics},
  author        = {Tanabashi, M. and Hagiwara, K. and Hikasa, K. and Nakamura, K. and Sumino, Y. and Takahashi, F. and Tanaka, J. and Agashe, K. and Aielli, G. and Amsler, C. and Antonelli, M. and Asner, D. M. and Baer, H. and Banerjee, Sw. and Barnett, R. M. and Basaglia, T. and Bauer, C. W. and Beatty, J. J. and Belousov, V. I. and Beringer, J. and Bethke, S. and Bettini, A. and Bichsel, H. and Biebel, O. and Black, K. M. and Blucher, E. and Buchmuller, O. and Burkert, V. and Bychkov, M. A. and Cahn, R. N. and Carena, M. and Ceccucci, A. and Cerri, A. and Chakraborty, D. and Chen, M.-C. and Chivukula, R. S. and Cowan, G. and Dahl, O. and D'Ambrosio, G. and Damour, T. and de Florian, D. and de Gouv\^ea, A. and DeGrand, T. and de Jong, P. and Dissertori, G. and Dobrescu, B. A. and D'Onofrio, M. and Doser, M. and Drees, M. and Dreiner, H. K. and Dwyer, D. A. and Eerola, P. and Eidelman, S. and Ellis, J. and Erler, J. and Ezhela, V. V. and Fetscher, W. and Fields, B. D. and Firestone, R. and Foster, B. and Freitas, A. and Gallagher, H. and Garren, L. and Gerber, H.-J. and Gerbier, G. and Gershon, T. and Gershtein, Y. and Gherghetta, T. and Godizov, A. A. and Goodman, M. and Grab, C. and Gritsan, A. V. and Grojean, C. and Groom, D. E. and Gr\"unewald, M. and Gurtu, A. and Gutsche, T. and Haber, H. E. and Hanhart, C. and Hashimoto, S. and Hayato, Y. and Hayes, K. G. and Hebecker, A. and Heinemeyer, S. and Heltsley, B. and Hern\'andez-Rey, J. J. and Hisano, J. and H\"ocker, A. and Holder, J. and Holtkamp, A. and Hyodo, T. and Irwin, K. D. and Johnson, K. F. and Kado, M. and Karliner, M. and Katz, U. F. and Klein, S. R. and Klempt, E. and Kowalewski, R. V. and Krauss, F. and Kreps, M. and Krusche, B. and Kuyanov, Yu. V. and Kwon, Y. and Lahav, O. and Laiho, J. and Lesgourgues, J. and Liddle, A. and Ligeti, Z. and Lin, C.-J. and Lippmann, C. and Liss, T. M. and Littenberg, L. and Lugovsky, K. S. and Lugovsky, S. B. and Lusiani, A. and Makida, Y. and Maltoni, F. and Mannel, T. and Manohar, A. V. and Marciano, W. J. and Martin, A. D. and Masoni, A. and Matthews, J. and Mei\ss{}ner, U.-G. and Milstead, D. and Mitchell, R. E. and M\"onig, K. and Molaro, P. and Moortgat, F. and Moskovic, M. and Murayama, H. and Narain, M. and Nason, P. and Navas, S. and Neubert, M. and Nevski, P. and Nir, Y. and Olive, K. A. and Pagan Griso, S. and Parsons, J. and Patrignani, C. and Peacock, J. A. and Pennington, M. and Petcov, S. T. and Petrov, V. A. and Pianori, E. and Piepke, A. and Pomarol, A. and Quadt, A. and Rademacker, J. and Raffelt, G. and Ratcliff, B. N. and Richardson, P. and Ringwald, A. and Roesler, S. and Rolli, S. and Romaniouk, A. and Rosenberg, L. J. and Rosner, J. L. and Rybka, G. and Ryutin, R. A. and Sachrajda, C. T. and Sakai, Y. and Salam, G. P. and Sarkar, S. and Sauli, F. and Schneider, O. and Scholberg, K. and Schwartz, A. J. and Scott, D. and Sharma, V. and Sharpe, S. R. and Shutt, T. and Silari, M. and Sj\"ostrand, T. and Skands, P. and Skwarnicki, T. and Smith, J. G. and Smoot, G. F. and Spanier, S. and Spieler, H. and Spiering, C. and Stahl, A. and Stone, S. L. and Sumiyoshi, T. and Syphers, M. J. and Terashi, K. and Terning, J. and Thoma, U. and Thorne, R. S. and Tiator, L. and Titov, M. and Tkachenko, N. P. and T\"ornqvist, N. A. and Tovey, D. R. and Valencia, G. and Van de Water, R. and Varelas, N. and Venanzoni, G. and Verde, L. and Vincter, M. G. and Vogel, P. and Vogt, A. and Wakely, S. P. and Walkowiak, W. and Walter, C. W. and Wands, D. and Ward, D. R. and Wascko, M. O. and Weiglein, G. and Weinberg, D. H. and Weinberg, E. J. and White, M. and Wiencke, L. R. and Willocq, S. and Wohl, C. G. and Womersley, J. and Woody, C. L. and Workman, R. L. and Yao, W.-M. and Zeller, G. P. and Zenin, O. V. and Zhu, R.-Y. and Zhu, S.-L. and Zimmermann, F. and Zyla, P. A. and Anderson, J. and Fuller, L. and Lugovsky, V. S. and Schaffner, P.},
  collaboration = {Particle Data Group},
  journal       = {Phys. Rev. D},
  volume        = {98},
  issue         = {3},
  pages         = {030001},
  numpages      = {1898},
  year          = {2018},
  month         = {Aug},
  publisher     = {American Physical Society},
  doi           = {10.1103/PhysRevD.98.030001},
  url           = {https://link.aps.org/doi/10.1103/PhysRevD.98.030001}
}

% PDG 2020
@article{PDG20,
  author   = {Particle Data Group  and Zyla, P A and Barnett, R M and Beringer, J and Dahl, O and Dwyer, D A and Groom, D E and Lin, C -J and Lugovsky, K S and Pianori, E and Robinson, D J and Wohl, C G and Yao, W -M and Agashe, K and Aielli, G and Allanach, B C and Amsler, C and Antonelli, M and Aschenauer, E C and Asner, D M and Baer, H and Banerjee, Sw and Baudis, L and Bauer, C W and Beatty, J J and Belousov, V I and Bethke, S and Bettini, A and Biebel, O and Black, K M and Blucher, E and Buchmuller, O and Burkert, V and Bychkov, M A and Cahn, R N and Carena, M and Ceccucci, A and Cerri, A and Chakraborty, D and Chivukula, R Sekhar and Cowan, G and D'Ambrosio, G and Damour, T and de Florian, D and de GouvÃªa, A and DeGrand, T and de Jong, P and Dissertori, G and Dobrescu, B A and D'Onofrio, M and Doser, M and Drees, M and Dreiner, H K and Eerola, P and Egede, U and Eidelman, S and Ellis, J and Erler, J and Ezhela, V V and Fetscher, W and Fields, B D and Foster, B and Freitas, A and Gallagher, H and Garren, L and Gerber, H -J and Gerbier, G and Gershon, T and Gershtein, Y and Gherghetta, T and Godizov, A A and Gonzalez-Garcia, M C and Goodman, M and Grab, C and Gritsan, A V and Grojean, C and GrÃŒnewald, M and Gurtu, A and Gutsche, T and Haber, H E and Hanhart, C and Hashimoto, S and Hayato, Y and Hebecker, A and Heinemeyer, S and Heltsley, B and HernÃ¡ndez-Rey, J J and Hikasa, K and Hisano, J and HÃ¶cker, A and Holder, J and Holtkamp, A and Huston, J and Hyodo, T and Johnson, K F and Kado, M and Karliner, M and Katz, U F and Kenzie, M and Khoze, V A and Klein, S R and Klempt, E and Kowalewski, R V and Krauss, F and Kreps, M and Krusche, B and Kwon, Y and Lahav, O and Laiho, J and Lellouch, L P and Lesgourgues, J and Liddle, A R and Ligeti, Z and Lippmann, C and Liss, T M and Littenberg, L and Lourengo, C and Lugovsky, S B and Lusiani, A and Makida, Y and Maltoni, F and Mannel, T and Manohar, A V and Marciano, W J and Masoni, A and Matthews, J and, U -G and Mikhasenko, M and Miller, D J and Milstead, D and Mitchell, R E and MÃ¶nig, K and Molaro, P and Moortgat, F and Moskovic, M and Nakamura, K and Narain, M and Nason, P and Navas, S and Neubert, M and Nevski, P and Nir, Y and Olive, K A and Patrignani, C and Peacock, J A and Petcov, S T and Petrov, V A and Pich, A and Piepke, A and Pomarol, A and Profumo, S and Quadt, A and Rabbertz, K and Rademacker, J and Raffelt, G and Ramani, H and Ramsey-Musolf, M and Ratcliff, B N and Richardson, P and Ringwald, A and Roesler, S and Rolli, S and Romaniouk, A and Rosenberg, L J and Rosner, J L and Rybka, G and Ryskin, M and Ryutin, R A and Sakai, Y and Salam, G P and Sarkar, S and Sauli, F and Schneider, O and Scholberg, K and Schwartz, A J and Schwiening, J and Scott, D and Sharma, V and Sharpe, S R and Shutt, T and Silari, M and SjÃ¶strand, T and Skands, P and Skwarnicki, T and Smoot, G F and Soffer, A and Sozzi, M S and Spanier, S and Spiering, C and Stahl, A and Stone, S L and Sumino, Y and Sumiyoshi, T and Syphers, M J and Takahashi, F and Tanabashi, M and Tanaka, J and TaÅ¡evskÃœ, M and Terashi, K and Terning, J and Thoma, U and Thorne, R S and Tiator, L and Titov, M and Tkachenko, N P and Tovey, D R and Trabelsi, K and Urquijo, P and Valencia, G and Van de Water, R and Varelas, N and Venanzoni, G and Verde, L and Vincter, M G and Vogel, P and Vogelsang, W and Vogt, A and Vorobyev, V and Wakely, S P and Walkowiak, W and Walter, C W and Wands, D and Wascko, M O and Weinberg, D H and Weinberg, E J and White, M and Wiencke, L R and Willocq, S and Woody, C L and Workman, R L and Yokoyama, M and Yoshida, R and Zanderighi, G and Zeller, G P and Zenin, O V and Zhu, R -Y and Zhu, S -L and Zimmermann, F and Anderson, J and Basaglia, T and Lugovsky, V S and Schaffner, P and Zheng, W},
  title    = {{Review of Particle Physics}},
  journal  = {Progress of Theoretical and Experimental Physics},
  volume   = {2020},
  number   = {8},
  year     = {2020},
  month    = {08},
  abstract = {{The Review summarizes much of particle physics and cosmology. Using data from previous editions, plus 3,324 new measurements from 878 papers, we list, evaluate, and average measured properties of gauge bosons and the recently discovered Higgs boson, leptons, quarks, mesons, and baryons. We summarize searches for hypothetical particles such as supersymmetric particles, heavy bosons, axions, dark photons, etc. Particle properties and search limits are listed in Summary Tables. We give numerous tables, figures, formulae, and reviews of topics such as Higgs Boson Physics, Supersymmetry, Grand Unified Theories, Neutrino Mixing, Dark Energy, Dark Matter, Cosmology, Particle Detectors, Colliders, Probability and Statistics. Among the 120 reviews are many that are new or heavily revised, including a new review on High Energy Soft QCD and Diffraction and one on the Determination of CKM Angles from B Hadrons.The Review is divided into two volumes. Volume 1 includes the Summary Tables and 98 review articles. Volume 2 consists of the Particle Listings and contains also 22 reviews that address specific aspects of the data presented in the Listings.The complete Review (both volumes) is published online on the website of the Particle Data Group (pdg.lbl.gov) and in a journal. Volume 1 is available in print as the PDG Book. A Particle Physics Booklet with the Summary Tables and essential tables, figures, and equations from selected review articles is available in print and as a web version optimized for use on phones as well as an Android app.}},
  issn     = {2050-3911},
  doi      = {10.1093/ptep/ptaa104},
  url      = {https://doi.org/10.1093/ptep/ptaa104},
  note     = {083C01},
  eprint   = {https://academic.oup.com/ptep/article-pdf/2020/8/083C01/33653179/ptaa104.pdf}
}

@article{PDG22,
    author = {Particle Data Group and Workman, R L and Burkert, V D and Crede, V and Klempt, E and Thoma, U and Tiator, L and Agashe, K and Aielli, G and Allanach, B C and Amsler, C and Antonelli, M and Aschenauer, E C and Asner, D M and Baer, H and Banerjee, Sw and Barnett, R M and Baudis, L and Bauer, C W and Beatty, J J and Belousov, V I and Beringer, J and Bettini, A and Biebel, O and Black, K M and Blucher, E and Bonventre, R and Bryzgalov, V V and Buchmuller, O and Bychkov, M A and Cahn, R N and Carena, M and Ceccucci, A and Cerri, A and Chivukula, R Sekhar and Cowan, G and Cranmer, K and Cremonesi, O and D'Ambrosio, G and Damour, T and de Florian, D and de Gouvêa, A and DeGrand, T and de Jong, P and Demers, S and Dobrescu, B A and D'Onofrio, M and Doser, M and Dreiner, H K and Eerola, P and Egede, U and Eidelman, S and El-Khadra, A X and Ellis, J and Eno, S C and Erler, J and Ezhela, V V and Fetscher, W and Fields, B D and Freitas, A and Gallagher, H and Gershtein, Y and Gherghetta, T and Gonzalez-Garcia, M C and Goodman, M and Grab, C and Gritsan, A V and Grojean, C and Groom, D E and Grünewald, M and Gurtu, A and Gutsche, T and Haber, H E and Hamel, Matthieu and Hanhart, C and Hashimoto, S and Hayato, Y and Hebecker, A and Heinemeyer, S and Hernández-Rey, J J and Hikasa, K and Hisano, J and Höcker, A and Holder, J and Hsu, L and Huston, J and Hyodo, T and Ianni, Al and Kado, M and Karliner, M and Katz, U F and Kenzie, M and Khoze, V A and Klein, S R and Krauss, F and Kreps, M and Križan, P and Krusche, B and Kwon, Y and Lahav, O and Laiho, J and Lellouch, L P and Lesgourgues, J and Liddle, A R and Ligeti, Z and Lin, C-J and Lippmann, C and Liss, T M and Littenberg, L and Lourenço, C and Lugovsky, K S and Lugovsky, S B and Lusiani, A and Makida, Y and Maltoni, F and Mannel, T and Manohar, A V and Marciano, W J and Masoni, A and Matthews, J and Meißner, U-G and Melzer-Pellmann, I-A and Mikhasenko, M and Miller, D J and Milstead, D and Mitchell, R E and Mönig, K and Molaro, P and Moortgat, F and Moskovic, M and Nakamura, K and Narain, M and Nason, P and Navas, S and Nelles, A and Neubert, M and Nevski, P and Nir, Y and Olive, K A and Patrignani, C and Peacock, J A and Petrov, V A and Pianori, E and Pich, A and Piepke, A and Pietropaolo, F and Pomarol, A and Pordes, S and Profumo, S and Quadt, A and Rabbertz, K and Rademacker, J and Raffelt, G and Ramsey-Musolf, M and Ratcliff, B N and Richardson, P and Ringwald, A and Robinson, D J and Roesler, S and Rolli, S and Romaniouk, A and Rosenberg, L J and Rosner, J L and Rybka, G and Ryskin, M G and Ryutin, R A and Sakai, Y and Sarkar, S and Sauli, F and Schneider, O and Schönert, S and Scholberg, K and Schwartz, A J and Schwiening, J and Scott, D and Sefkow, F and Seljak, U and Sharma, V and Sharpe, S R and Shiltsev, V and Signorelli, G and Silari, M and Simon, F and Sjöstrand, T and Skands, P and Skwarnicki, T and Smoot, G F and Soffer, A and Sozzi, M S and Spanier, S and Spiering, C and Stahl, A and Stone, S L and Sumino, Y and Syphers, M J and Takahashi, F and Tanabashi, M and Tanaka, J and Taševský, M and Terao, K and Terashi, K and Terning, J and Thorne, R S and Titov, M and Tkachenko, N P and Tovey, D R and Trabelsi, K and Urquijo, P and Valencia, G and Van de Water, R and Varelas, N and Venanzoni, G and Verde, L and Vivarelli, I and Vogel, P and Vogelsang, W and Vorobyev, V and Wakely, S P and Walkowiak, W and Walter, C W and Wands, D and Weinberg, D H and Weinberg, E J and Wermes, N and White, M and Wiencke, L R and Willocq, S and Wohl, C G and Woody, C L and Yao, W-M and Yokoyama, M and Yoshida, R and Zanderighi, G and Zeller, G P and Zenin, O V and Zhu, R-Y and Zhu, Shi-Lin and Zimmermann, F and Zyla, P A},
    title = "{Review of Particle Physics}",
    journal = {Progress of Theoretical and Experimental Physics},
    volume = {2022},
    number = {8},
    pages = {083C01},
    year = {2022},
    month = {08},
    abstract = "{The Review summarizes much of particle physics and cosmology. Using data from previous editions, plus 2,143 new measurements from 709 papers, we list, evaluate, and average measured properties of gauge bosons and the recently discovered Higgs boson, leptons, quarks, mesons, and baryons. We summarize searches for hypothetical particles such as supersymmetric particles, heavy bosons, axions, dark photons, etc. Particle properties and search limits are listed in Summary Tables. We give numerous tables, figures, formulae, and reviews of topics such as Higgs Boson Physics, Supersymmetry, Grand Unified Theories, Neutrino Mixing, Dark Energy, Dark Matter, Cosmology, Particle Detectors, Colliders, Probability and Statistics. Among the 120 reviews are many that are new or heavily revised, including a new review on Machine Learning, and one on Spectroscopy of Light Meson Resonances.The Review is divided into two volumes. Volume 1 includes the Summary Tables and 97 review articles. Volume 2 consists of the Particle Listings and contains also 23 reviews that address specific aspects of the data presented in the Listings.The complete Review (both volumes) is published online on the website of the Particle Data Group (pdg.lbl.gov) and in a journal. Volume 1 is available in print as the PDG Book. A Particle Physics Booklet with the Summary Tables and essential tables, figures, and equations from selected review articles is available in print, as a web version optimized for use on phones, and as an Android app.}",
    issn = {2050-3911},
    doi = {10.1093/ptep/ptac097},
    url = {https://doi.org/10.1093/ptep/ptac097},
    eprint = {https://academic.oup.com/ptep/article-pdf/2022/8/083C01/49175539/ptac097.pdf},
}

%% KL_observation
@article{KL_observation,
  title     = {Observation of Long-Lived Neutral $V$ Particles},
  author    = {Lande, K. and Booth, E. T. and Impeduglia, J. and Lederman, L. M. and Chinowsky, W.},
  journal   = {Phys. Rev.},
  volume    = {103},
  issue     = {6},
  pages     = {1901--1904},
  numpages  = {0},
  year      = {1956},
  month     = {Sep},
  publisher = {American Physical Society},
  doi       = {10.1103/PhysRev.103.1901},
  url       = {https://link.aps.org/doi/10.1103/PhysRev.103.1901}
}


%----------------------------------------------------------------------------------------
%	KLpi0nn: experimental status
%----------------------------------------------------------------------------------------

% (1) Littenberg (KL 2pi0), 1989, <1%

@article{KLpi0nn_golden,
  title     = {CP-violating decay ${K}_{L}^{0}\to\pi^0\nu\bar{\nu}$},
  author    = {Littenberg, Laurence S.},
  journal   = {Phys. Rev. D},
  volume    = {39},
  issue     = {11},
  pages     = {3322--3324},
  numpages  = {0},
  year      = {1989},
  month     = {Jun},
  publisher = {American Physical Society},
  doi       = {10.1103/PhysRevD.39.3322},
  url       = {https://link.aps.org/doi/10.1103/PhysRevD.39.3322}
}

% (2) E751, 1992, <2.2e-4

@article{KLpi0nn_E751,
  title   = {Search for the decay $K_L^0\to\pi^0\nu\overline{\nu}$},
  journal = {Physics Letters B},
  volume  = {295},
  number  = {1},
  pages   = {169 - 173},
  year    = {1992},
  issn    = {0370-2693},
  doi     = {https://doi.org/10.1016/0370-2693(92)90107-F},
  url     = {http://www.sciencedirect.com/science/article/pii/037026939290107F},
  author  = {G.E. Graham and A.R. Barker and R.A. Briere and L.K. Gibbons and G. Makoff and V. Papadimitriou and J.R. Patterson and S.V. Somalwar and Y.W. Wah and B. Winstein and R. Winston and H. Yamamoto and E.C. Swallow and G.J. Bock and R. Coleman and J. Enagonio and Y.B. Hsiung and E. Ramberg and K. Stanfield and R. Tschirhart and T. Yamanaka and G.D. Gollin and M. Karlsson and P. Debu and B. Peyaud and R. Turlay and B. Vallage}
}

% (3) E799, 1994, <5.8e-5

@article{KLpi0nn_E799,
  title         = {Limit on the Branching Ratio of $K_L^0\to\pi^0\nu\overline{\nu}$},
  author        = {Weaver, M. and Arisaka, K. and Roberts, D. and Slater, W. and Briere, R. A. and Cheu, E. and Harris, D. A. and Roodman, A. and Schwingenheuer, B. and Wah, Y. W. and Winstein, B. and Winston, R. and Barker, A. R. and Swallow, E. C. and Bock, G. J. and Coleman, R. and Crisler, M. and Enagonio, J. and Ford, R. and Hsiung, Y. B. and Jensen, D. A. and McFarland, K. S. and Ramberg, E. and Tschirhart, R. and Collins, E. M. and Gollin, G. D. and Nakaya, T. and Yamanaka, T. and Gu, P. and Haas, P. and Hogan, W. P. and Kim, S. K. and Matthews, J. N. and Myung, S. S. and Schnetzer, S. and Somalwar, S. V. and Thomson, G. B. and Zou, Y.},
  collaboration = {E799 Collaboration},
  journal       = {Phys. Rev. Lett.},
  volume        = {72},
  issue         = {24},
  pages         = {3758--3761},
  numpages      = {0},
  year          = {1994},
  month         = {Jun},
  publisher     = {American Physical Society},
  doi           = {10.1103/PhysRevLett.72.3758},
  url           = {https://link.aps.org/doi/10.1103/PhysRevLett.72.3758}
}

% (4) KTeV, 1999, <1.6e-6

@article{KLpi0nn_KTeV,
  title   = {Search for the decay $K_L^0\to\pi^0\nu\overline{\nu}$},
  journal = {Physics Letters B},
  volume  = {447},
  number  = {3},
  pages   = {240 - 245},
  year    = {1999},
  issn    = {0370-2693},
  doi     = {https://doi.org/10.1016/S0370-2693(98)01593-7},
  url     = {http://www.sciencedirect.com/science/article/pii/S0370269398015937},
  author  = {J. Adams and A. Alavi-Harati and I.F. Albuquerque and T. Alexopoulos and M. Arenton and K. Arisaka and S. Averitte and A.R. Barker and L. Bellantoni and A. Bellavance and J. Belz and R. Ben-David and D.R. Bergman and E. Blucher and G.J. Bock and C. Bown and S. Bright and E. Cheu and S. Childress and R. Coleman and M.D. Corcoran and G. Corti and B. Cox and M.B. Crisler and A.R. Erwin and S. Field and R. Ford and G. Graham and J. Graham and K. Hagan and E. Halkiadakis and K. Hanagaki and M. Hazumi and S. Hidaka and Y.B. Hsiung and V. Jejer and J. Jennings and D.A. Jensen and P.T. Johnson and R. Kessler and H.G.E. Kobrak and J. LaDue and A. Lath and A. Ledovskoy and A.P. McManus and P. Mikelsons and S. Mochida and E. Monnier and T. Nakaya and U. Nauenberg and K.S. Nelson and H. Nguyen and V. O'Dell and M. Pang and R. Pordes and V. Prasad and C. Qiao and B. Quinn and E.J. Ramberg and R.E. Ray and A. Ronzhin and A. Roodman and M. Sadamoto and S. Schnetzer and K. Senyo and P. Shanahan and P.S. Shawhan and W. Slater and N. Solomey and S.V. Somalwar and R.L. Stone and I. Suzuki and E.C. Swallow and R.A. Swanson and S.A. Taegar and R.J. Tesarek and G.B. Thomson and P.A. Toale and A. Tripathi and R. Tschirhart and Y.W. Wah and H.B. White and J. Whitmore and B. Winstein and R. Winston and J.-Y. Wu and T. Yamanaka and E.D. Zimmerman}
}

% (5) KTeV, 2000, <5.9e-7 (pi0->e+ e^- gamma)
@article{KLpi0nn_KTeV_piDalitz,
  title     = {Search for the decay $K_L^0\to\pi^0\nu\overline{\nu}$ using $\pi^0\to e^+ e^- \gamma$ },
  author    = {Alavi-Harati, A. and Albuquerque, I. F. and Alexopoulos, T. and Arenton, M. and Arisaka, K. and Averitte, S. and Barker, A. R. and Bellantoni, L. and Bellavance, A. and Belz, J. and Ben-David, R. and Bergman, D. R. and Blucher, E. and Bock, G. J. and Bown, C. and Bright, S. and Cheu, E. and Childress, S. and Coleman, R. and Corcoran, M. D. and Corti, G. and Cox, B. and Crisler, M. B. and Erwin, A. R. and Ford, R. and Glazov, A. and Golossanov, A. and Graham, G. and Graham, J. and Hagan, K. and Halkiadakis, E. and Hanagaki, K. and Hazumi, M. and Hidaka, S. and Hsiung, Y. B. and Jejer, V. and Jennings, J. and Jensen, D. A. and Kessler, R. and Kobrak, H. G. E. and LaDue, J. and Lath, A. and Ledovskoy, A. and McBride, P. L. and McManus, A. P. and Mikelsons, P. and Monnier, E. and Nakaya, T. and Nauenberg, U. and Nelson, K. S. and Nguyen, H. and O'Dell, V. and Pang, M. and Pordes, R. and Prasad, V. and Qiao, C. and Quinn, B. and Ramberg, E. J. and Ray, R. E. and Roodman, A. and Sadamoto, M. and Schnetzer, S. and Senyo, K. and Shanahan, P. and Shawhan, P. S. and Slater, W. and Solomey, N. and Somalwar, S. V. and Stone, R. L. and Suzuki, I. and Swallow, E. C. and Swanson, R. A. and Taegar, S. A. and Tesarek, R. J. and Thomson, G. B. and Toale, P. A. and Tripathi, A. and Tschirhart, R. and Wah, Y. W. and Wang, J. and White, H. B. and Whitmore, J. and Winstein, B. and Winston, R. and Wu, J.-Y. and Yamanaka, T. and Zimmerman, E. D.},
  journal   = {Phys. Rev. D},
  volume    = {61},
  issue     = {7},
  pages     = {072006},
  numpages  = {5},
  year      = {2000},
  month     = {Mar},
  publisher = {American Physical Society},
  doi       = {10.1103/PhysRevD.61.072006},
  url       = {https://link.aps.org/doi/10.1103/PhysRevD.61.072006}
}

% (6) e391a, 2010, <2.6e-8
@article{KLpi0nn_e391a,
  title         = {Experimental study of the decay $K_L^0\to\pi^0\nu\overline{\nu}$},
  author        = {Ahn, J. K. and Akune, Y. and Baranov, V. and Chen, K. F. and Comfort, J. and Doroshenko, M. and Fujioka, Y. and Hsiung, Y. B. and Inagaki, T. and Ishibashi, S. and Ishihara, N. and Ishii, H. and Iwai, E. and Iwata, T. and Kato, I. and Kobayashi, S. and Komatsu, S. and Komatsubara, T. K. and Kurilin, A. S. and Kuzmin, E. and Lednev, A. and Lee, H. S. and Lee, S. Y. and Lim, G. Y. and Ma, J. and Matsumura, T. and Moisseenko, A. and Morii, H. and Morimoto, T. and Nakajima, Y. and Nakano, T. and Nanjo, H. and Nishi, N. and Nix, J. and Nomura, T. and Nomachi, M. and Ogata, R. and Okuno, H. and Omata, K. and Perdue, G. N. and Perov, S. and Podolsky, S. and Porokhovoy, S. and Sakashita, K. and Sasaki, T. and Sasao, N. and Sato, H. and Sato, T. and Sekimoto, M. and Shimogawa, T. and Shinkawa, T. and Stepanenko, Y. and Sugaya, Y. and Sugiyama, A. and Sumida, T. and Suzuki, S. and Tajima, Y. and Takita, S. and Tsamalaidze, Z. and Tsukamoto, T. and Tung, Y. C. and Wah, Y. W. and Watanabe, H. and Wu, M. L. and Yamaga, M. and Yamanaka, T. and Yoshida, H. Y. and Yoshimura, Y. and Zheng, Y.},
  collaboration = {E391a Collaboration},
  journal       = {Phys. Rev. D},
  volume        = {81},
  issue         = {7},
  pages         = {072004},
  numpages      = {23},
  year          = {2010},
  month         = {Apr},
  publisher     = {American Physical Society},
  doi           = {10.1103/PhysRevD.81.072004},
  url           = {https://link.aps.org/doi/10.1103/PhysRevD.81.072004}
}

% (7) KOTO, 2013 run
@article{KLpi0nn_KOTO_2013,
  author  = {J-PARC KOTO Collaboration and Ahn, J. K. and Baek, K. Y. and Banno, S. and Beckford, B. and Brubaker, B. and Cai, T. and Campbell, M. and Carruth, C. and Chen, S. H. and Chu, S. and Comfort, J. and Duh, Y. T. and Furukawa, T. and Haraguchi, H. and Hineno, T. and Hsiung, Y. B. and Hutcheson, M. and Inagaki, T. and Isoe, M. and Iwai, E. and Kamibayashi, T. and Kamiji, I. and Kawasaki, N. and Kim, E. J. and Kim, Y. J. and Ko, J. W. and Komatsubara, T. K. and Kurilin, A. S. and Lee, G. H. and Lee, H. S. and Lee, J. W. and Lee, S. K. and Lim, G. Y. and Lin, C. and Ma, J. and Maeda, Y. and Masuda, T. and Matsumura, T. and Mcfarland, D. and Micallef, J. and Miyazaki, K. and Morgan, K. and Murayama, R. and Naito, D. and Nakagiri, K. and Nakajima, Y. and Nakaya, Y. and Nanjo, H. and Nomura, T. and Nomura, T. and Odani, Y. and Ogata, R. and Okuno, H. and Ota, T. and Ri, Y. D. and Sasaki, M. and Sasao, N. and Sato, K. and Sato, T. and Seki, S. and Shimogawa, T. and Shinkawa, T. and Shinohara, S. and Shiomi, K. and Son, J. S. and Stevens, J. and Su, S. and Sugiyama, Y. and Suzuki, S. and Tajima, Y. and Takahashi, G. and Takashima, Y. and Tecchio, M. and Teo, I. and Togawa, M. and Toyoda, T. and Tung, Y. C. and Usuki, T. and Wah, Y. W. and Watanabe, H. and Whallon, N. and Woo, J. K. and Xu, J. and Yamaga, M. and Yamamoto, S. and Yamanaka, T. and Yamauchi, H. and Yanagida, Y. and Yokota, H. and Yoshida, H. Y. and Yoshimoto, H.},
  title   = {{A new search for the $K_L^0\to\pi^0\nu\overline{\nu}$ and $K_L^0\to\pi^0X^0$ decays}},
  journal = {Progress of Theoretical and Experimental Physics},
  volume  = {2017},
  number  = {2},
  year    = {2017},
  month   = {02},
  issn    = {2050-3911},
  doi     = {10.1093/ptep/ptx001},
  url     = {https://doi.org/10.1093/ptep/ptx001},
  note    = {021C01},
  eprint  = {https://academic.oup.com/ptep/article-pdf/2017/2/021C01/11152040/ptx001.pdf}
}

% (8) KOTO, 2015 run
@article{KLpi0nn_KOTO_2015,
  title         = {Search for ${K}_{L}\ensuremath{\rightarrow}{\ensuremath{\pi}}^{0}\ensuremath{\nu}\overline{\ensuremath{\nu}}$ and ${K}_{L}\ensuremath{\rightarrow}{\ensuremath{\pi}}^{0}{X}^{0}$ Decays at the J-PARC KOTO Experiment},
  author        = {Ahn, J. K. and Beckford, B. and Beechert, J. and Bryant, K. and Campbell, M. and Chen, S. H. and Comfort, J. and Dona, K. and Hara, N. and Haraguchi, H. and Hsiung, Y. B. and Hutcheson, M. and Inagaki, T. and Kamiji, I. and Kawasaki, N. and Kim, E. J. and Kim, J. L. and Kim, Y. J. and Ko, J. W. and Komatsubara, T. K. and Kotera, K. and Kurilin, A. S. and Lee, J. W. and Lim, G. Y. and Lin, C. and Lin, Q. and Luo, Y. and Ma, J. and Maeda, Y. and Mari, T. and Masuda, T. and Matsumura, T. and Mcfarland, D. and McNeal, N. and Micallef, J. and Miyazaki, K. and Murayama, R. and Naito, D. and Nakagiri, K. and Nanjo, H. and Nishimiya, H. and Nomura, T. and Ohsugi, M. and Okuno, H. and Sasaki, M. and Sasao, N. and Sato, K. and Sato, T. and Sato, Y. and Schamis, H. and Seki, S. and Shimizu, N. and Shimogawa, T. and Shinkawa, T. and Shinohara, S. and Shiomi, K. and Su, S. and Sugiyama, Y. and Suzuki, S. and Tajima, Y. and Taylor, M. and Tecchio, M. and Togawa, M. and Tung, Y. C. and Wah, Y. W. and Watanabe, H. and Woo, J. K. and Yamanaka, T. and Yoshida, H. Y.},
  collaboration = {KOTO Collaboration},
  journal       = {Phys. Rev. Lett.},
  volume        = {122},
  issue         = {2},
  pages         = {021802},
  numpages      = {6},
  year          = {2019},
  month         = {Jan},
  publisher     = {American Physical Society},
  doi           = {10.1103/PhysRevLett.122.021802},
  url           = {https://link.aps.org/doi/10.1103/PhysRevLett.122.021802}
}

%----------------------------------------------------------------------------------------
%	Kaon SM, KLpi0nn SM
%----------------------------------------------------------------------------------------

%% Kaon decays in SM
@article{kaon_SM,
  title     = {Kaon decays in the standard model},
  author    = {Cirigliano, Vincenzo and Ecker, Gerhard and Neufeld, Helmut and Pich, Antonio and Portoles, Jorge},
  journal   = {Rev. Mod. Phys.},
  volume    = {84},
  issue     = {1},
  pages     = {399--447},
  numpages  = {0},
  year      = {2012},
  month     = {Mar},
  publisher = {American Physical Society},
  doi       = {10.1103/RevModPhys.84.399},
  url       = {https://link.aps.org/doi/10.1103/RevModPhys.84.399}
}

% KLpi0nn_directCP
@article{KLpi0nn_directCP,
  title    = {The CP-conserving contribution to ${K}_{L}^{0}\to\pi^0\nu\bar{\nu}$ in the standard model},
  journal  = {Physics Letters B},
  volume   = {440},
  number   = {1},
  pages    = {170 - 178},
  year     = {1998},
  issn     = {0370-2693},
  doi      = {https://doi.org/10.1016/S0370-2693(98)01088-0},
  url      = {http://www.sciencedirect.com/science/article/pii/S0370269398010880},
  author   = {Gerhard Buchalla and Gino Isidori},
  abstract = {The rare decay KL→π0νν̄ is dominated by direct CP violation and can be computed with extraordinarily high precision. In principle, also a CP-conserving contribution to this process can arise within the Standard Model. We clarify the structure of the CP-conserving mechanism, analysing both its short-distance and long-distance components. It is pointed out that the calculation of the CP-conserving amplitude, although sensitive in part to non-perturbative physics, is quite well under control. The resulting CP-conserving contribution to the rate for KL→π0νν̄ turns out to be very strongly suppressed because of several factors, which we discuss in detail.}
}

%% KLpi0nn SM theory, BR prediction
@article{KLpi0nn_SM,
  author        = {Buras, Andrzej J. and Buttazzo, Dario and Girrbach-Noe, Jennifer and Knegjens, Robert},
  da            = {2015/11/05},
  date-added    = {2020-04-24 06:01:57 +0000},
  date-modified = {2020-04-24 06:01:57 +0000},
  doi           = {10.1007/JHEP11(2015)033},
  id            = {Buras2015},
  isbn          = {1029-8479},
  journal       = {Journal of High Energy Physics},
  number        = {11},
  pages         = {33},
  title         = {$K^+ \to \pi^+ \nu \overline{\nu}$ and $K_L^0 \to \pi^0 \nu \overline{\nu}$ in the Standard Model: status and perspectives},
  ty            = {JOUR},
  url           = {https://doi.org/10.1007/JHEP11(2015)033},
  volume        = {2015},
  year          = {2015}
}

%----------------------------------------------------------------------------------------
%	KOTO other results
%----------------------------------------------------------------------------------------

@article{KLpi0g,
  title         = {First search for ${K}_{L}\ensuremath{\rightarrow}{\ensuremath{\pi}}^{0}\ensuremath{\gamma}$},
  author        = {Shimizu, N. and Ahn, J. K. and Beckford, B. and Campbell, M. and Chen, S. H. and Choi, J. M. and Comfort, J. and Dona, K. and Farrington, M. S. and Hara, N. and Haraguchi, H. and Hsiung, Y. B. and Hutcheson, M. and Inagaki, T. and Isoe, M. and Kamiji, I. and Kim, E. J. and Kim, J. L. and Kim, H. M. and Komatsubara, T. K. and Kotera, K. and Lee, J. W. and Lim, G. Y. and Lin, C. and Lin, Q. S. and Luo, Y. and Mari, T. and Matsumura, T. and Mcfarland, D. and McNeal, N. A. and Miyazaki, K. and Murayama, R. and Nakagiri, K. and Nanjo, H. and Nishimiya, H. and Noichi, Y. and Nomura, T. and Nunes, T. and Ohsugi, M. and Okuno, H. and Redeker, J. C. and Sato, K. and Sato, T. and Sato, Y. and Shimogawa, T. and Shinkawa, T. and Shinohara, S. and Shiomi, K. and Shiraishi, R. and Su, S. and Sugiyama, Y. and Suzuki, S. and Tajima, Y. and Taylor, M. and Tecchio, M. and Togawa, M. and Toyoda, T. and Tung, Y. C. and Vuong, Q. H. and Wah, Y. W. and Watanabe, H. and Yamanaka, T. and Yoshida, H. Y.},
  collaboration = {KOTO Collaboration},
  journal       = {Phys. Rev. D},
  volume        = {102},
  issue         = {5},
  pages         = {051103},
  numpages      = {7},
  year          = {2020},
  month         = {Sep},
  publisher     = {American Physical Society},
  doi           = {10.1103/PhysRevD.102.051103},
  url           = {https://link.aps.org/doi/10.1103/PhysRevD.102.051103}
}




%----------------------------------------------------------------------------------------
%	GN related
%----------------------------------------------------------------------------------------

% GN
@article{GN,
  title    = {${K}_{L}^{0}\to\pi^0\nu\bar{\nu}$ beyond the standard model},
  journal  = {Physics Letters B},
  volume   = {398},
  number   = {1},
  pages    = {163 - 168},
  year     = {1997},
  issn     = {0370-2693},
  doi      = {https://doi.org/10.1016/S0370-2693(97)00210-4},
  url      = {http://www.sciencedirect.com/science/article/pii/S0370269397002104},
  author   = {Yuval Grossman and Yosef Nir},
  abstract = {We analyze the decay KL → π0νν in a model independent way. If lepton flavor is conserved the final state is (to a good approximation) purely CP even. In that case this decay mode goes mainly through CP violating interference between mixing and decay. Consequently, a theoretically clean relation between the measured rate and electroweak parameters holds in any given model. Specificaly, Γ(KL → π0νν)Γ(K+ → π+νν) = sin2θ (up to known isospin corrections), where θ is the relative CP violating phase between the K - K mixing amplitude and the s → dνν decay amplitude. The experimental bound on BR(K+ → π+νν) provides a model independent upper bound: BR(KL → π0νν) < 1.1 × 10−8. In models with lepton flavor violation, the final state is not necessarily a CP eigenstate. Then CP conserving contributions can dominate the decay rate.}
}

% GN correction
@article{GN_correction,
  title     = {Rare kaon decays with ``missing energy''},
  author    = {Marciano, William J. and Parsa, Zohreh},
  journal   = {Phys. Rev. D},
  volume    = {53},
  issue     = {1},
  pages     = {R1--R5},
  numpages  = {0},
  year      = {1996},
  month     = {Jan},
  publisher = {American Physical Society},
  doi       = {10.1103/PhysRevD.53.R1},
  url       = {https://link.aps.org/doi/10.1103/PhysRevD.53.R1}
}

% K+pi+nn BNL
@article{Kpinn_BNL,
  title         = {Study of the decay ${K}^{+}\to\pi^+\nu\overline{\nu}$ in the momentum region $140 < P_{\pi} < 199 \text{ }\text{ } \mathrm{MeV}/c$},
  author        = {Artamonov, A. V. and Bassalleck, B. and Bhuyan, B. and Blackmore, E. W. and Bryman, D. A. and Chen, S. and Chiang, I.-H. and Christidi, I.-A. and Cooper, P. S. and Diwan, M. V. and Frank, J. S. and Fujiwara, T. and Hu, J. and Ives, J. and Jaffe, D. E. and Kabe, S. and Kettell, S. H. and Khabibullin, M. M. and Khotjantsev, A. N. and Kitching, P. and Kobayashi, M. and Komatsubara, T. K. and Konaka, A. and Kozhevnikov, A. P. and Kudenko, Yu. G. and Kushnirenko, A. and Landsberg, L. G. and Lewis, B. and Li, K. K. and Littenberg, L. S. and Macdonald, J. A. and Mildenberger, J. and Mineev, O. V. and Miyajima, M. and Mizouchi, K. and Mukhin, V. A. and Muramatsu, N. and Nakano, T. and Nomachi, M. and Nomura, T. and Numao, T. and Obraztsov, V. F. and Omata, K. and Patalakha, D. I. and Petrenko, S. V. and Poutissou, R. and Ramberg, E. J. and Redlinger, G. and Sato, T. and Sekiguchi, T. and Shinkawa, T. and Strand, R. C. and Sugimoto, S. and Tamagawa, Y. and Tschirhart, R. and Tsunemi, T. and Vavilov, D. V. and Viren, B. and Wang, Zhe and Yershov, N. V. and Yoshimura, Y. and Yoshioka, T.},
  collaboration = {E949 Collaboration},
  journal       = {Phys. Rev. D},
  volume        = {79},
  issue         = {9},
  pages         = {092004},
  numpages      = {27},
  year          = {2009},
  month         = {May},
  publisher     = {American Physical Society},
  doi           = {10.1103/PhysRevD.79.092004},
  url           = {https://link.aps.org/doi/10.1103/PhysRevD.79.092004}
}

%----------------------------------------------------------------------------------------
%	KLpi0gg models
%----------------------------------------------------------------------------------------

%% ChPT review
@article{ChPT,
  doi       = {10.1088/0034-4885/58/6/001},
  url       = {https://doi.org/10.1088%2F0034-4885%2F58%2F6%2F001},
  year      = 1995,
  month     = {jun},
  publisher = {{IOP} Publishing},
  volume    = {58},
  number    = {6},
  pages     = {563--609},
  author    = {A Pich},
  title     = {Chiral perturbation theory},
  journal   = {Reports on Progress in Physics},
  abstract  = {An introduction to the basic ideas and methods of chiral perturbation theory is presented. Several phenomenological applications of the effective Lagrangian technique to strong, electromagnetic and weak interactions are discussed.}
}

% ChPT loop func for KLpi0gg
@article{ChPT_loop_func,
  title    = {$K\to\pi\ell^+\ell^-$ decays in the effective chiral lagrangian of the standard model},
  journal  = {Nuclear Physics B},
  volume   = {291},
  pages    = {692 - 719},
  year     = {1987},
  issn     = {0550-3213},
  doi      = {https://doi.org/10.1016/0550-3213(87)90491-3},
  url      = {http://www.sciencedirect.com/science/article/pii/0550321387904913},
  author   = {Gerhard Ecker and Antonio Pich and Eduardo {de Rafael}},
  abstract = {The decay amplitudes of K → πℓ+ℓ− transitions (ℓ = e or μ) are calculated in chiral perturbation theory to lowest non-trivial order. This includes one-loop contributions as well as contributions from all possible tree level counterterms to the corresponding order in momenta and meson masses. After relating the local counterterms in the chiral realization to the lowest dimensional local transition operator at the quark level, only one combination of counterterm coupling constants appearing in the decay amplitudes remains unknown. Two possible solutions for this constant are found from a comparison with the experimentally known K+ → π+e+e− decay rate. Predictions are then obtained for the rates of K+ → π+μ+μ−, Ks0 → π0e+e− and Ks0 → π0μ+μ− decays as well as for the corresponding spectra in the invariant mass of the lepton pair. The CP-violating transition KL0 → π0‘γ’ → π0ℓ+ℓ− is also discussed.}
}

% KLpi0gg ChPT, p4
@article{KLpi0gg_ChPT_p4,
  title   = {${K^0\to\pi^0\gamma\gamma}$ decays in chiral perturbation theory},
  journal = {Physics Letters B},
  volume  = {189},
  number  = {3},
  pages   = {363 - 368},
  year    = {1987},
  issn    = {0370-2693},
  doi     = {https://doi.org/10.1016/0370-2693(87)91448-1},
  url     = {http://www.sciencedirect.com/science/article/pii/0370269387914481},
  author  = {Gerhard Ecker and Antonio Pich and Eduardo {De Rafael}}
}

% KLpi0gg ChPT p6, VMD
@article{KLpi0gg_ChPT_p6_VMD,
  title    = {Vector meson exchange contributions to $K\to\pi\gamma\gamma$ and $K_L\to\gamma \ell^+ \ell^-$},
  journal  = {Nuclear Physics B},
  volume   = {492},
  number   = {1},
  pages    = {417 - 451},
  year     = {1997},
  issn     = {0550-3213},
  doi      = {https://doi.org/10.1016/S0550-3213(97)80040-5},
  url      = {http://www.sciencedirect.com/science/article/pii/S0550321397800405},
  author   = {Giancarlo D'Ambrosio and Jorge Portolés},
  keywords = {Radiative non-leptonic kaon decays, Non-leptonic weak Hamiltonian, Chiral perturbation theory, Vector meson dominance},
  abstract = {We have studied in the framework of Chiral Perturbation Theory (χPT) the O(p6) vector meson contributions to K → πγγ and KL → γγ∗. We construct the most general χPT Lagrangian for the weak vector-pseudoscalar-photon (VPγ) vertex for K → πγγ and KL → γγ∗ and consequently we get the full structure of the O(p6) local contributions generated by vector meson exchange. We then compute new factorizable contributions to the weak VPγ vertex generated by the odd-intrinsic parity violating Lagrangian with no additional couplings. We find in fact a very nice agreement with the phenomenology of K → πγγ and KL → γγ∗, more predictive power and a deeper understanding of the O(p6) local operators. A novel interpretation of the KL → γγ∗ data is given. Also a comparison with the existing models is presented.}
}

% KLpi0gg_VMD
@article{KLpi0gg_VMD,
  title     = {Vector-meson contributions do not explain the rate and spectrum in ${K}_{L}\ensuremath{\rightarrow}{\ensuremath{\pi}}^{0}\ensuremath{\gamma}\ensuremath{\gamma}$},
  author    = {Gabbiani, F. and Valencia, G.},
  journal   = {Phys. Rev. D},
  volume    = {66},
  issue     = {7},
  pages     = {074006},
  numpages  = {6},
  year      = {2002},
  month     = {Oct},
  publisher = {American Physical Society},
  doi       = {10.1103/PhysRevD.66.074006},
  url       = {https://link.aps.org/doi/10.1103/PhysRevD.66.074006}
}

% ChPT_VMD_kaon
@article{ChPT_VMD_kaon,
  title    = {Vector meson exchange in radiative kaon decays and chiral perturbation theory},
  journal  = {Physics Letters B},
  volume   = {237},
  number   = {3},
  pages    = {481 - 487},
  year     = {1990},
  issn     = {0370-2693},
  doi      = {https://doi.org/10.1016/0370-2693(90)91211-S},
  url      = {http://www.sciencedirect.com/science/article/pii/037026939091211S},
  author   = {G. Ecker and A. Pich and E. {de Rafael}},
  abstract = {The role of vector meson resonances in radiative K decay is analyzed within the context of chiral perturbation theory. In general, there are big cancellations between strong amplitudes with external weak transitions and direct weak amplitudes, which are usually not considered in naive vector meson dominance estimates. We introduce a “weak deformation model” inspired by the geometry of the coset space SU(3)R × SU(3)L/SU(3)V to estimate the direct weak contributions to K → πγ∗ and K → πγγ. The implications for the decay mode KL → π0e+e− are discussed.}
}

%----------------------------------------------------------------------------------------
%	KLpi0nn: NP models
%----------------------------------------------------------------------------------------

% model 1: SUSY

@article{KLpi0nn_SUSY,
  author  = {Tanimoto, Morimitsu and Yamamoto, Kei},
  title   = {{Probing SUSY with 10 TeV stop mass in rare decays and CP violation of kaon}},
  journal = {Progress of Theoretical and Experimental Physics},
  volume  = {2016},
  number  = {12},
  year    = {2016},
  month   = {12},
  issn    = {2050-3911},
  doi     = {10.1093/ptep/ptw160},
  url     = {https://doi.org/10.1093/ptep/ptw160},
  note    = {123B02},
  eprint  = {https://academic.oup.com/ptep/article-pdf/2016/12/123B02/10436266/ptw160.pdf}
}

% model 2: MSSM

@article{KLpi0nn_MSSM,
  title     = {$K\ensuremath{\rightarrow}\ensuremath{\pi}\ensuremath{\nu}\overline{\ensuremath{\nu}}$ in the MSSM in light of the ${\ensuremath{\epsilon}}_{K}^{\ensuremath{'}}/{\ensuremath{\epsilon}}_{K}$ anomaly},
  author    = {Crivellin, Andreas and D'Ambrosio, Giancarlo and Kitahara, Teppei and Nierste, Ulrich},
  journal   = {Phys. Rev. D},
  volume    = {96},
  issue     = {1},
  pages     = {015023},
  numpages  = {8},
  year      = {2017},
  month     = {Jul},
  publisher = {American Physical Society},
  doi       = {10.1103/PhysRevD.96.015023},
  url       = {https://link.aps.org/doi/10.1103/PhysRevD.96.015023}
}

% model 3: LFU

@article{KLpi0nn_LFU,
  author  = {Bordone, Marzia and Buttazzo, Dario and Isidori, Gino and Monnard, Joachim},
  date    = {2017/09/16},
  doi     = {10.1140/epjc/s10052-017-5202-1},
  id      = {Bordone2017},
  isbn    = {1434-6052},
  journal = {The European Physical Journal C},
  number  = {9},
  pages   = {618},
  title   = {Probing lepton-flavour universality with $K\to\pi\nu\overline{\nu}$ decays},
  url     = {https://doi.org/10.1140/epjc/s10052-017-5202-1},
  volume  = {77},
  year    = {2017}
}

% model 4: leptoquark

@article{KLpi0nn_leptoquark,
  author  = {Fajfer, S. and Ko\v{s}nik, N. and Silva, L. Vale},
  date    = {2018/03/30},
  doi     = {10.1140/epjc/s10052-018-5757-5},
  id      = {Fajfer2018},
  isbn    = {1434-6052},
  journal = {The European Physical Journal C},
  number  = {4},
  pages   = {275},
  title   = {Footprints of leptoquarks: from $R_{K^{(\ast)}}$ to $K\to\pi\nu\overline{\nu}$ },
  volume  = {78},
  year    = {2018}
}

% model 5: gluino

@article{KLpi0nn_gluino,
  author  = {Endo, Motoi and Goto, Toru and Kitahara, Teppei and Mishima, Satoshi and Ueda, Daiki and Yamamoto, Kei},
  date    = {2018/04/04},
  id      = {Endo2018},
  isbn    = {1029-8479},
  journal = {Journal of High Energy Physics},
  number  = {4},
  pages   = {19},
  title   = {Gluino-mediated electroweak penguin with flavor-violating trilinear couplings},
  volume  = {2018},
  year    = {2018}
}

% model 6: NP constraints on KLpi0nn

@article{KLpi0nn_NP_constraint,
  author  = {He, Xiao-Gang and Valencia, German and Wong, Keith},
  date    = {2018/06/09},
  doi     = {10.1140/epjc/s10052-018-5964-0},
  id      = {He2018},
  isbn    = {1434-6052},
  journal = {The European Physical Journal C},
  number  = {6},
  pages   = {472},
  title   = {Constraints on new physics from $K\to\pi\nu\overline{\nu}$},
  volume  = {78},
  year    = {2018}
}

% model 7: higgs doublet

@article{KLpi0nn_higgs_doublet,
  author  = {Chen, Chuan-Hung and Nomura, Takaaki},
  date    = {2018/08/23},
  doi     = {10.1007/JHEP08(2018)145},
  id      = {Chen2018},
  isbn    = {1029-8479},
  journal = {Journal of High Energy Physics},
  number  = {8},
  pages   = {145},
  title   = {$Re(\epsilon_K'/\epsilon_K)$ and $K\to\pi\nu\overline{\nu}$ in a two-Higgs doublet model},
  volume  = {2018},
  year    = {2018}
}

@article{KLpi0nn_BSM,
  author  = {Buras, Andrzej J. and Buttazzo, Dario and Knegjens, Robert},
  date    = {2015/11/24},
  doi     = {10.1007/JHEP11(2015)166},
  id      = {Buras2015},
  isbn    = {1029-8479},
  journal = {Journal of High Energy Physics},
  number  = {11},
  pages   = {166},
  title   = {$K\to\pi\nu\overline{\nu}$ and $\epsilon'/\epsilon$ in simplified new physics models},
  volume  = {2015},
  year    = {2015}
}

% littlest higgs with T parity

@article{KLpi0nn_LHT,
  doi       = {10.1088/1126-6708/2007/01/066},
  year      = 2007,
  month     = {jan},
  publisher = {Springer Science and Business Media},
  volume    = {2007},
  number    = {01},
  pages     = {066--066},
  author    = {Monika Blanke and Andrzej J Buras and Anton Poschenrieder and Stefan Recksiegel and Cecilia Tarantino and Selma Uhlig and Andreas Weiler},
  title     = {Rare and CP-violating $K$ and $B$ decays in the Littlest Higgs model with T-parity},
  journal   = {Journal of High Energy Physics}
}


@article{KLpi0nn_Z_Zprime,
  author  = {Buras, Andrzej J. and De Fazio, Fulvia and Girrbach, Jennifer},
  date    = {2013/02/21},
  doi     = {10.1007/JHEP02(2013)116},
  id      = {Buras2013},
  isbn    = {1029-8479},
  journal = {Journal of High Energy Physics},
  number  = {2},
  pages   = {116},
  title   = {The anatomy of $Z'$ and $Z$ with flavour changing neutral currents in the flavour precision era},
  volume  = {2013},
  year    = {2013}
}

% Randall-Sundrum models with custodial protection
@article{KLpi0nn_RSc,
  doi       = {10.1088/1126-6708/2009/03/108},
  year      = 2009,
  month     = {mar},
  publisher = {Springer Science and Business Media {LLC}},
  volume    = {2009},
  number    = {03},
  pages     = {108--108},
  author    = {Monika Blanke and Andrzej J Buras and Bj\"{o}rn Duling and Katrin Gemmler and Stefania Gori},
  title     = {Rare $K$ and $B$ Decays in a warped extra dimension with custodial protection},
  journal   = {Journal of High Energy Physics}
}

@article{KLpi0nn_Zprime,
  title     = {$Z'$-induced FCNC decays of top, beauty, and strange quarks},
  author    = {Fuyuto, Kaori and Hou, Wei-Shu and Kohda, Masaya},
  journal   = {Phys. Rev. D},
  volume    = {93},
  issue     = {5},
  pages     = {054021},
  numpages  = {19},
  year      = {2016},
  month     = {Mar},
  publisher = {American Physical Society},
  doi       = {10.1103/PhysRevD.93.054021},
  url       = {https://link.aps.org/doi/10.1103/PhysRevD.93.054021}
}


%----------------------------------------------------------------------------------------
%	KLpi0nn: exp. history
%----------------------------------------------------------------------------------------

@article{KpiX,
  title         = {Study of the decay $K^+\to\pi^+\nu\overline{\nu}$ in the momentum region $140 < P_{\pi} < 199$ MeV/c},
  author        = {Artamonov, A. V. and Bassalleck, B. and Bhuyan, B. and Blackmore, E. W. and Bryman, D. A. and Chen, S. and Chiang, I.-H. and Christidi, I.-A. and Cooper, P. S. and Diwan, M. V. and Frank, J. S. and Fujiwara, T. and Hu, J. and Ives, J. and Jaffe, D. E. and Kabe, S. and Kettell, S. H. and Khabibullin, M. M. and Khotjantsev, A. N. and Kitching, P. and Kobayashi, M. and Komatsubara, T. K. and Konaka, A. and Kozhevnikov, A. P. and Kudenko, Yu. G. and Kushnirenko, A. and Landsberg, L. G. and Lewis, B. and Li, K. K. and Littenberg, L. S. and Macdonald, J. A. and Mildenberger, J. and Mineev, O. V. and Miyajima, M. and Mizouchi, K. and Mukhin, V. A. and Muramatsu, N. and Nakano, T. and Nomachi, M. and Nomura, T. and Numao, T. and Obraztsov, V. F. and Omata, K. and Patalakha, D. I. and Petrenko, S. V. and Poutissou, R. and Ramberg, E. J. and Redlinger, G. and Sato, T. and Sekiguchi, T. and Shinkawa, T. and Strand, R. C. and Sugimoto, S. and Tamagawa, Y. and Tschirhart, R. and Tsunemi, T. and Vavilov, D. V. and Viren, B. and Wang, Zhe and Yershov, N. V. and Yoshimura, Y. and Yoshioka, T.},
  collaboration = {E949 Collaboration},
  journal       = {Phys. Rev. D},
  volume        = {79},
  issue         = {9},
  pages         = {092004},
  numpages      = {27},
  year          = {2009},
  month         = {May},
  publisher     = {American Physical Society},
  doi           = {10.1103/PhysRevD.79.092004},
  url           = {https://link.aps.org/doi/10.1103/PhysRevD.79.092004}
}


%% KOTO 2013 paper
@article{KOTO_2013,
  author  = {J-PARC KOTO Collaboration and Ahn, J. K. and Baek, K. Y. and Banno, S. and Beckford, B. and Brubaker, B. and Cai, T. and Campbell, M. and Carruth, C. and Chen, S. H. and Chu, S. and Comfort, J. and Duh, Y. T. and Furukawa, T. and Haraguchi, H. and Hineno, T. and Hsiung, Y. B. and Hutcheson, M. and Inagaki, T. and Isoe, M. and Iwai, E. and Kamibayashi, T. and Kamiji, I. and Kawasaki, N. and Kim, E. J. and Kim, Y. J. and Ko, J. W. and Komatsubara, T. K. and Kurilin, A. S. and Lee, G. H. and Lee, H. S. and Lee, J. W. and Lee, S. K. and Lim, G. Y. and Lin, C. and Ma, J. and Maeda, Y. and Masuda, T. and Matsumura, T. and Mcfarland, D. and Micallef, J. and Miyazaki, K. and Morgan, K. and Murayama, R. and Naito, D. and Nakagiri, K. and Nakajima, Y. and Nakaya, Y. and Nanjo, H. and Nomura, T. and Nomura, T. and Odani, Y. and Ogata, R. and Okuno, H. and Ota, T. and Ri, Y. D. and Sasaki, M. and Sasao, N. and Sato, K. and Sato, T. and Seki, S. and Shimogawa, T. and Shinkawa, T. and Shinohara, S. and Shiomi, K. and Son, J. S. and Stevens, J. and Su, S. and Sugiyama, Y. and Suzuki, S. and Tajima, Y. and Takahashi, G. and Takashima, Y. and Tecchio, M. and Teo, I. and Togawa, M. and Toyoda, T. and Tung, Y. C. and Usuki, T. and Wah, Y. W. and Watanabe, H. and Whallon, N. and Woo, J. K. and Xu, J. and Yamaga, M. and Yamamoto, S. and Yamanaka, T. and Yamauchi, H. and Yanagida, Y. and Yokota, H. and Yoshida, H. Y. and Yoshimoto, H.},
  title   = {{A new search for the $K_L^0 \to \pi^0 \nu \overline{\nu}$ and $K_L^0 \to \pi^0 X^0$ decays}},
  journal = {Progress of Theoretical and Experimental Physics},
  volume  = {2017},
  number  = {2},
  year    = {2017},
  month   = {02},
  issn    = {2050-3911},
  doi     = {10.1093/ptep/ptx001},
  url     = {https://doi.org/10.1093/ptep/ptx001},
  note    = {021C01},
  keyword = {my_journal}
}

%% KOTO introduction
@article{KOTO_intro,
  author  = {Yamanaka, Taku and for the KOTO Collaboration},
  title   = {{The J-PARC KOTO experiment}},
  journal = {Progress of Theoretical and Experimental Physics},
  volume  = {2012},
  number  = {1},
  year    = {2012},
  month   = {12},
  issn    = {2050-3911},
  doi     = {10.1093/ptep/pts057},
  url     = {https://doi.org/10.1093/ptep/pts057},
  note    = {02B006}
}

%% KOTO proposal
@online{KOTO_proposal,
  author = {KOTO Collaboration},
  title  = {{Proposal for $K_L^0 \to \pi^0 \nu \overline{\nu}$ Experiment at J-PARC}},
  eprint = {http://j-parc.jp/researcher/Hadron/en/pac_0606/pdf/p14-Yamanaka.pdf}
}

%% KL beamline
@article{KL_beamline,
  title    = {Design of the neutral $K_L^0$ beamline for the KOTO experiment},
  journal  = {Nuclear Instruments and Methods in Physics Research Section A: Accelerators, Spectrometers, Detectors and Associated Equipment},
  volume   = {623},
  number   = {1},
  pages    = {585 - 587},
  year     = {2010},
  note     = {1st International Conference on Technology and Instrumentation in Particle Physics},
  issn     = {0168-9002},
  doi      = {https://doi.org/10.1016/j.nima.2010.03.078},
  url      = {http://www.sciencedirect.com/science/article/pii/S016890021000642X},
  author   = {T. Shimogawa},
  keywords = {Neutral beamline, },
  abstract = {The J-PARC E14 KOTO experiment aims at the first observation of the KL0→π0νν¯ decay. This experiment requires a well-collimated neutral beam with the small amount of halo neutrons. Collimation lines and beamline components in the beamline have been optimized to suppress halo neutrons by utilizing the GEANT-3 Monte-Carlo simulation package. We have achieved the design with sharp cross-sectional profiles of the beam and the halo-to-core neutron flux ratio of 10−5 level.}
}

%% JPARC intro
@article{JPARC_intro,
  author  = {Nagamiya, Shoji},
  title   = {{Introduction to J-PARC}},
  journal = {Progress of Theoretical and Experimental Physics},
  volume  = {2012},
  number  = {1},
  year    = {2012},
  month   = {10},
  issn    = {2050-3911},
  doi     = {10.1093/ptep/pts025},
  url     = {https://doi.org/10.1093/ptep/pts025},
  note    = {02B001}
}

% LINAC
@article{LINAC,
  author  = {Ikegami, Masanori},
  title   = {{Beam commissioning and operation of the J-PARC linac}},
  journal = {Progress of Theoretical and Experimental Physics},
  volume  = {2012},
  number  = {1},
  year    = {2012},
  month   = {09},
  issn    = {2050-3911},
  doi     = {10.1093/ptep/pts019},
  url     = {https://doi.org/10.1093/ptep/pts019},
  note    = {02B002},
  eprint  = {https://academic.oup.com/ptep/article-pdf/2012/1/02B002/11589104/pts019.pdf}
}

%RCS
@article{RCS,
  author  = {Hotchi, Hideaki and Harada, Hiroyuki and Hayashi, Naoki and Kinsho, Michikazu and Saha, Pranab and Shobuda, Yoshihiro and Tamura, Fumihiko and Yamamoto, Kazami and Yamamoto, Masanobu and Yoshimoto, Masahiro and Kato, Shinichi and Irie, Yoshiro and Koseki, Tadashi and Sato, Yoichi and Satou, Kenichiro and Shirakata, Masashi},
  title   = {{Beam commissioning and operation of the Japan Proton Accelerator Research Complex 3-GeV rapid cycling synchrotron}},
  journal = {Progress of Theoretical and Experimental Physics},
  volume  = {2012},
  number  = {1},
  year    = {2012},
  month   = {09},
  issn    = {2050-3911},
  doi     = {10.1093/ptep/pts021},
  url     = {https://doi.org/10.1093/ptep/pts021},
  note    = {02B003},
  eprint  = {https://academic.oup.com/ptep/article-pdf/2012/1/02B003/4463397/pts021.pdf}
}

% MR
@article{MR,
  author  = {Koseki, Tadashi and Arakaki, Yoshitugu and Chin, Yong Ho and Hara, Keigo and Hasegawa, Katsushi and Hashimoto, Yoshinori and Hori, Yoichiro and Igarashi, Susumu and Ishii, Koji and Kamikubota, Norihiko and Kimura, Takuro and Koseki, Kunio and Fan, Kuanjyun and Kubota, Chikashi and Kuniyasu, Yuu and Kurimoto, Yoshinori and Lee, Seishu and Matsumoto, Hiroshi and Molodozhentsev, Alexander and Morita, Yuichi and Murasugi, Shigeru and Muto, Ryotaro and Naito, Fujio and Nakagawa, Hidetoshi and Nakamura, Shu and Niki, Kazuaki and Ohmi, Kazuhito and Ohmori, Chihiro and Okada, Masashi and Okamura, Katsuya and Oogoe, Takao and Ooya, Kazufumi and Sato, Kenichi and Sato, Yoichi and Sato, Yoshihiro and Satou, Kenichirou and Shimamoto, Masayuki and Shirakata, Masashi and Someya, Hirohiko and Sugimoto, Takuya and Takano, Junpei and Takeda, Yasuhiro and Takiyama, Yoichi and Tejima, Masaki and Toda, Makoto and Tomizawa, Masahito and Toyama, Takeshi and Uota, Masahiko and Yamada, Shuei and Yamamoto, Noboru and Yanaoka, Eiichi and Yoshii, Masahito and Harada, Hiroyuki and Hatakeyama, Shuichiro and Hotchi, Hideaki and Nomura, Masahiro and Schnase, Alexander and Shimada, Taihei and Tamura, Fumihiko and Yamamoto, Masanobu and Shimogawa, Tetsushi},
  title   = {{Beam commissioning and operation of the J-PARC main ring synchrotron}},
  journal = {Progress of Theoretical and Experimental Physics},
  volume  = {2012},
  number  = {1},
  year    = {2012},
  month   = {12},
  issn    = {2050-3911},
  doi     = {10.1093/ptep/pts071},
  url     = {https://doi.org/10.1093/ptep/pts071},
  note    = {02B004},
  eprint  = {https://academic.oup.com/ptep/article-pdf/2012/1/02B004/11595767/pts071.pdf}
}

%% KOTO paper 2015
@article{KOTO_2015,
  title         = {Search for ${K}_{L}\ensuremath{\rightarrow}{\ensuremath{\pi}}^{0}\ensuremath{\nu}\overline{\ensuremath{\nu}}$ and ${K}_{L}\ensuremath{\rightarrow}{\ensuremath{\pi}}^{0}{X}^{0}$ Decays at the J-PARC KOTO Experiment},
  author        = {Ahn, J. K. and Beckford, B. and Beechert, J. and Bryant, K. and Campbell, M. and Chen, S. H. and Comfort, J. and Dona, K. and Hara, N. and Haraguchi, H. and Hsiung, Y. B. and Hutcheson, M. and Inagaki, T. and Kamiji, I. and Kawasaki, N. and Kim, E. J. and Kim, J. L. and Kim, Y. J. and Ko, J. W. and Komatsubara, T. K. and Kotera, K. and Kurilin, A. S. and Lee, J. W. and Lim, G. Y. and Lin, C. and Lin, Q. and Luo, Y. and Ma, J. and Maeda, Y. and Mari, T. and Masuda, T. and Matsumura, T. and Mcfarland, D. and McNeal, N. and Micallef, J. and Miyazaki, K. and Murayama, R. and Naito, D. and Nakagiri, K. and Nanjo, H. and Nishimiya, H. and Nomura, T. and Ohsugi, M. and Okuno, H. and Sasaki, M. and Sasao, N. and Sato, K. and Sato, T. and Sato, Y. and Schamis, H. and Seki, S. and Shimizu, N. and Shimogawa, T. and Shinkawa, T. and Shinohara, S. and Shiomi, K. and Su, S. and Sugiyama, Y. and Suzuki, S. and Tajima, Y. and Taylor, M. and Tecchio, M. and Togawa, M. and Tung, Y. C. and Wah, Y. W. and Watanabe, H. and Woo, J. K. and Yamanaka, T. and Yoshida, H. Y.},
  collaboration = {KOTO Collaboration},
  journal       = {Phys. Rev. Lett.},
  volume        = {122},
  issue         = {2},
  pages         = {021802},
  numpages      = {6},
  year          = {2019},
  month         = {Jan},
  publisher     = {American Physical Society},
  doi           = {10.1103/PhysRevLett.122.021802},
  url           = {https://link.aps.org/doi/10.1103/PhysRevLett.122.021802},
  keyword       = {my_journal}
}

%----------------------------------------------------------------------------------------
%	KLpi0gg: exp. history
%----------------------------------------------------------------------------------------

% (1) KLpi0gg first, 2.1+/-10.6 e-6

@article{KLpi0gg_1st,
  title   = {Observation of the decay ${K_L^0\to\pi^0\gamma\gamma}$},
  journal = {Physics Letters B},
  volume  = {242},
  number  = {3},
  pages   = {523 - 530},
  year    = {1990},
  issn    = {0370-2693},
  doi     = {https://doi.org/10.1016/0370-2693(90)91806-M},
  url     = {http://www.sciencedirect.com/science/article/pii/037026939091806M},
  author  = {G.D. Barr and R. Carosi and D. Coward and D. Cundy and N. Doble and L. Gatignon and V. Gibson and P. Grafström and R. Hagelberg and G. Kesseler and J. {Van Der Lans} and H.N. Nelson and H. Wahl and R. Black and D.J. Candlin and J. Muir and K.J. Peach and H. Blümer and R. Heinz and K. Kleinknecht and P. Mayer and B. Panzer and B. Renk and H. Rohrer and E. Augé and D. Fournier and P. Heusse and L. Iconomidou-Fayard and I. Harrus and A.M. Lutz and O. Perdereau and A.C. Schaffer and L. Serin and L. Bertanza and A. Bigi and P. Calafiura and M. Calvetti and R. Casali and C. Cerri and R. Fantechi and I. Mannelli and A. Nappi and G.M. Pierazzini and H. Burkhardt and M. Holder and A. Kreutz and G. Quast and M. Rost and H.G. Sander and W. Weihs and R. Werthenbach and G. Zech}
}

% (2) KLpi0gg 2nd, 1.86 +/- 0.84 e-6

@article{KLpi0gg_2nd,
  title     = {Measurement of the branching ratio of the decay ${K_L^0\to\pi^0\gamma\gamma}$},
  author    = {Papadimitriou, V. and Barker, A. and Briere, R. A. and Gibbons, L. K. and Makoff, G. and Patterson, J. R. and Somalwar, S. and Wah, Y. W. and Winstein, B. and Winston, R. and Woods, M. and Yamamoto, H. and Swallow, E. C. and Bock, G. J. and Coleman, R. and Enagonio, J. and Hsiung, Y. B. and Ramberg, E. and Stanfield, K. and Tschirhart, R. and Yamanaka, T. and Gollin, G. D. and Karlsson, M. and Okamitsu, J. K. and Debu, P. and Peyaud, B. and Turlay, R. and Vallage, B.},
  journal   = {Phys. Rev. D},
  volume    = {44},
  issue     = {3},
  pages     = {R573--R576},
  numpages  = {0},
  year      = {1991},
  month     = {Aug},
  publisher = {American Physical Society},
  doi       = {10.1103/PhysRevD.44.R573},
  url       = {https://link.aps.org/doi/10.1103/PhysRevD.44.R573}
}

% (3) KLpi0gg 3rd, 1.7 +/- 0.3 e6

@article{KLpi0gg_3rd,
  title   = {A measurement of the decay ${K_L^0\to\pi^0\gamma\gamma}$},
  journal = {Physics Letters B},
  volume  = {284},
  number  = {3},
  pages   = {440 - 447},
  year    = {1992},
  issn    = {0370-2693},
  doi     = {https://doi.org/10.1016/0370-2693(92)90458-G},
  url     = {http://www.sciencedirect.com/science/article/pii/037026939290458G},
  author  = {G.D. Barr and P. Buchholz and R. Carosi and D. Coward and D. Cundy and N. Doble and L. Gatignon and P. Grafström and R. Hagelberg and H.H. Nelson and H. Wahl and K.J. Peach and H. Blümer and R. Heinz and K. Kleinknecht and P. Mayer and B. Panzer and B. Renk and H. Rohrer and A. Wagner and E. Augé and D. Fournier and L. Iconomidou-Fayard and I. Harrus and O. Perdereau and A.C. Schaffer and L. Serin and L. Bertanza and A. Bigi and P. Calafiura and M. Calvetti and R. Casali and I.G. Mannelli and V.M. Marzulli and A. Nappi and G. Pierazzini and M. Holder and A. Kreutz and M. Rost and R. Werthenbach}
}

% (4) KLpi0gg NA48 (precise)

@article{KLpi0gg_NA48,
  title   = {Precise measurement of the decay $K_L\to\pi^0\gamma\gamma$},
  journal = {Physics Letters B},
  volume  = {536},
  number  = {3},
  pages   = {229 - 240},
  year    = {2002},
  issn    = {0370-2693},
  doi     = {https://doi.org/10.1016/S0370-2693(02)01863-4},
  url     = {http://www.sciencedirect.com/science/article/pii/S0370269302018634},
  author  = {A. Lai and D. Marras and A. Bevan and R.S. Dosanjh and T.J. Gershon and B. Hay and G.E. Kalmus and C. Lazzeroni and D.J. Munday and M.D. Needham and E. Olaiya and M.A. Parker and T.O. White and S.A. Wotton and G. Barr and G. Bocquet and A. Ceccucci and T. Cuhadar-Dönszelmann and D. Cundy and G. D'Agostini and N. Doble and V. Falaleev and L. Gatignon and A. Gonidec and B. Gorini and G. Govi and P. Grafström and W. Kubischta and A. Lacourt and M. Lenti and S. Luitz and I. Mikulec and A. Norton and S. Palestini and B. Panzer-Steindel and G. Tatishvili and H. Taureg and M. Velasco and H. Wahl and C. Cheshkov and P. Hristov and V. Kekelidze and D. Madigojine and N. Molokanova and Yu. Potrebenikov and A. Zinchenko and I. Knowles and V. Martin and R. Sacco and A. Walker and M. Contalbrigo and P. Dalpiaz and J. Duclos and P.L. Frabetti and A. Gianoli and M. Martini and F. Petrucci and M. Savrié and A. Bizzeti and M. Calvetti and G. Collazuol and G. Graziani and E. Iacopini and M. Veltri and H.G. Becker and M. Eppard and H. Fox and K. Holtz and A. Kalter and K. Kleinknecht and U. Koch and L. Köpke and P. {Lopes da Silva} and P. Maruelli and I. Pellmann and A. Peters and B. Renk and S.A. Schmidt and V. Schönharting and Y. Schué and R. Wanke and A. Winhart and M. Wittgen and J.C. Chollet and L. Fayard and L. Iconomidou-Fayard and J. Ocariz and G. Unal and I. Wingerter-Seez and G. Anzivino and P. Cenci and E. Imbergamo and P. Lubrano and A. Mestvirishvili and A. Nappi and M. Pepe and M. Piccini and R. Carosi and R. Casali and C. Cerri and M. Cirilli and F. Costantini and R. Fantechi and S. Giudici and I. Mannelli and G. Pierazzini and M. Sozzi and J.B. Cheze and J. Cogan and M. {De Beer} and P. Debu and A. Formica and R. {Granier de Cassagnac} and E. Mazzucato and B. Peyaud and R. Turlay and B. Vallage and M. Holder and A. Maier and M. Ziolkowski and R. Arcidiacono and C. Biino and N. Cartiglia and M. Clemencic and F. Marchetto and E. Menichetti and N. Pastrone and J. Nassalski and E. Rondio and M. Szleper and W. Wislicki and S. Wronka and H. Dibon and G. Fischer and M. Jeitler and M. Markytan and G. Neuhofer and M. Pernicka and A. Taurok and L. Widhalm}
}

% (5) KLpi0gg, KTeV

@article{KLpi0gg_KTeV,
  title     = {Final results from the KTeV experiment on the decay $K_L\to\pi^0\gamma\gamma$},
  author    = {Abouzaid, E. and Arenton, M. and Barker, A. R. and Bellantoni, L. and Blucher, E. and Bock, G. J. and Cheu, E. and Coleman, R. and Corcoran, M. D. and Cox, B. and Erwin, A. R. and Escobar, C. O. and Glazov, A. and Golossanov, A. and Gomes, R. A. and Gouffon, P. and Hsiung, Y. B. and Jensen, D. A. and Kessler, R. and Kotera, K. and Ledovskoy, A. and McBride, P. L. and Monnier, E. and Nguyen, H. and Niclasen, R. and II, D. G. Phillips and Ramberg, E. J. and Ray, R. E. and Ronquest, M. and Santos, E. and Slater, W. and Smith, D. and Solomey, N. and Swallow, E. C. and Toale, P. A. and Tschirhart, R. and Wah, Y. W. and Wang, J. and White, H. B. and Whitmore, J. and Wilking, M. J. and Winstein, B. and Winston, R. and Worcester, E. T. and Yamanaka, T. and Zimmerman, E. D. and Zukanovich, R. F.},
  journal   = {Phys. Rev. D},
  volume    = {77},
  issue     = {11},
  pages     = {112004},
  numpages  = {8},
  year      = {2008},
  month     = {Jun},
  publisher = {American Physical Society},
  doi       = {10.1103/PhysRevD.77.112004},
  url       = {https://link.aps.org/doi/10.1103/PhysRevD.77.112004}
}



%----------------------------------------------------------------------------------------
%	KOTO detector
%----------------------------------------------------------------------------------------

% Barrel
@article{barrel_veto,
  title    = {Barrel photon detector of the KEK $K_L^0\to\pi^0\nu\overline{\nu}$ experiment},
  journal  = {Nuclear Instruments and Methods in Physics Research Section A: Accelerators, Spectrometers, Detectors and Associated Equipment},
  volume   = {592},
  number   = {3},
  pages    = {261 - 272},
  year     = {2008},
  issn     = {0168-9002},
  doi      = {https://doi.org/10.1016/j.nima.2008.04.080},
  url      = {http://www.sciencedirect.com/science/article/pii/S0168900208006505},
  author   = {Y. Tajima and J.K. Ahn and Y. Akune and Y. Aruga and M. Doroshenko and Y.B. Hsiung and A. Iijima and Y. Ikemoto and T. Inagaki and S. Ishibashi and N. Ishihara and H. Ishii and M. Itaya and M. Iwai and T. Iwata and S. Kobayashi and S. Komatsu and T.K. Komatsubara and A.S. Kurilin and H.S. Lee and S.Y. Lee and G.Y. Lim and T. Matsumura and A. Miura and T. Mizuhashi and H. Morii and T. Morimoto and T. Nomura and N. Nishi and J. Nix and H. Okuno and K. Omata and G.N. Perdue and S. Perov and S. Podolsky and K. Sakashita and H. Sato and T. Sato and M. Sekimoto and T. Shinkawa and Y. Sugaya and T. Sumida and Z. Tsamalaidze and Y. Wah and H. Watanabe and M. Yamaga and T. Yamanaka and H.Y. Yoshida and Y. Yoshimura},
  keywords = {Lead/scintillator sandwich-type photon detector, Wavelength-shifter (WLS) fiber readout, Kaon rare decay},
  abstract = {Large lead/scintillator sandwich-type photon detectors, sensitive to visible energy depositions of 1MeV, have been built for the KL0→π0νν¯ experiment at the KEK 12-GeV proton synchrotron. The front barrel (FB) is composed of 16 modules with a length of 2.75m, forming the 1.5m-diameter cylinder. The main barrel (MB) is composed of 32 modules with a length of 5.5m, forming a 3.5m-diameter cylinder. Scintillation light is read out through wavelength-shifter (WLS) fibers. In this paper, the design, construction and performance of these detectors together with some R&D results are reported.}
}


%OEV
@article{OEV,
  title    = {Photon-veto counters at the outer edge of the endcap calorimeter for the KOTO experiment},
  journal  = {Nuclear Instruments and Methods in Physics Research Section A: Accelerators, Spectrometers, Detectors and Associated Equipment},
  volume   = {795},
  pages    = {19 - 31},
  year     = {2015},
  issn     = {0168-9002},
  doi      = {https://doi.org/10.1016/j.nima.2015.05.036},
  url      = {http://www.sciencedirect.com/science/article/pii/S0168900215006762},
  author   = {T. Matsumura and T. Shinkawa and H. Yokota and E. Iwai and T.K. Komatsubara and J.W. Lee and G.Y. Lim and J. Ma and T. Masuda and H. Nanjo and T. Nomura and Y. Odani and Y.D. Ri and K. Shiomi and Y. Sugiyama and S. Suzuki and M. Togawa and Y. Wah and H. Watanabe and T. Yamanaka},
  keywords = {Lead–scintillator sandwich, Energy calibration, WLS-fiber readout, Kaon rare decay, KOTO, J-PARC}
}

%CSI
@article{CSI,
  title    = {CsI calorimeter for the J-PARC KOTO experiment},
  journal  = {Nuclear Instruments and Methods in Physics Research Section A: Accelerators, Spectrometers, Detectors and Associated Equipment},
  pages    = {164527},
  year     = {2020},
  issn     = {0168-9002},
  doi      = {https://doi.org/10.1016/j.nima.2020.164527},
  url      = {http://www.sciencedirect.com/science/article/pii/S0168900220309244},
  author   = {K. Sato and J.W. Lee and S. Banno and M. Campbell and J. Comfort and T. Furukawa and E. Iwai and N. Kawasaki and T.K. Komatsubara and G.Y. Lim and Y. Maeda and T. Masuda and T. Matsumura and D. Mcfarland and R. Murayama and D. Naito and Y. Nakaya and H. Nanjo and T. Nomura and Y. Odani and T. Ota and Y.D. Ri and M. Sasaki and N. Sasao and S. Seki and T. Shimogawa and T. Shinkawa and K. Shiomi and Y. Sugiyama and S. Suzuki and Y. Tajima and M. Tecchio and M. Togawa and T. Yamanaka and Y. Yanagida and H. Yokota and H. Yoshimoto and Y.W. Wah and H. Watanabe and J. Xu},
  keywords = {Pure CsI, Undoped CsI, Calorimeter}
}

% CSI cookie
@thesis{CSI_cookie,
  author      = {Y. Yanagida},
  title       = {\dojapanese{J-PARC KOTO実験CsIカロリメータのための光学接続シリコーンの製作と長期安定性の評価}},
  type        = {M.S. thesis},
  language    = {Japanese},
  institution = {Osaka University},
  year        = {2012},
  eprint      = {http://osksn2.hep.sci.osaka-u.ac.jp/theses/master/2011/yanagida_mthesis.pdf}
}

%% NCC
@article{NCC,
  author  = {Kawasaki, Naoki},
  title   = {{Gamma \& Neutron Counter with WLSFiber Readout of undoped CsI crystals for KOTO Experiment}},
  doi     = {10.22323/1.181.0040},
  journal = {PoS},
  year    = 2013,
  volume  = {KAON13},
  pages   = {040}
}

@article{NCC2,
  author  = {Kawasaki, Naoki and Sasao, Noboru and Nomura, Tadashi and Nanjo, Hajime and Naito, Daichi and Maeda, Yosuke and Seki, Shigeto and Kamiji, Ichinori and Nakagiri, Kouta},
  title   = {{Halo Neutron Measurement for KOTO Experiment}},
  doi     = {10.7566/JPSCP.8.024006},
  journal = {JPS Conf. Proc.},
  volume  = {8},
  pages   = {024006},
  year    = {2015}
}



%% IB paper
@article{IB,
  title    = {A new cylindrical photon-veto detector for the $K_L^0 \to \pi^0 \nu \overline{\nu}$ experiment},
  journal  = {Nuclear Instruments and Methods in Physics Research Section A: Accelerators, Spectrometers, Detectors and Associated Equipment},
  volume   = {953},
  pages    = {163255},
  year     = {2020},
  issn     = {0168-9002},
  doi      = {https://doi.org/10.1016/j.nima.2019.163255},
  url      = {http://www.sciencedirect.com/science/article/pii/S0168900219315268},
  author   = {R. Murayama and M. Togawa and J.K. Ahn and J. Comfort and T. Inagaki and M. Isoe and I. Kamiji and E.J. Kim and J.L. Kim and T.K. Komatsubara and G.Y. Lim and T. Matsumura and K. Miyazaki and H. Nanjo and T. Nomura and H. Okuno and E. Pod and T. Sato and K. Shiomi and Y. Tajima and T. Toyoda and Y.W. Wah and H. Watanabe and T. Yamanaka},
  keywords = {Photon veto, Wavelength shifting (WLS) fiber, Kaon rare decay},
  abstract = {The J-PARC KOTO experiment aims to explore new physics beyond the Standard Model through the $K_L^0 \to \pi^0 \nu \overline{\nu}$ decay. We installed a new photon-veto detector, named the Inner Barrel (IB), to improve the detection efficiency and the timing resolution for photons in the region transverse to the neutral beam. The IB is a 2.8-m-long cylindrical detector with a 1.5 m inner diameter. The IB is a lead-scintillator sampling shower counter with a 5-radiation-length thickness and with a low mass support structure, and fits inside the 14-radiation-length-thick cylindrical detector. Scintillating light is read out from both ends via wavelength shifting fibers with a short decay time. The design, construction and performance of the IB are presented in this paper.}
}

% BHCV
@article{BHCV,
  author    = { Kota Nakagiri and  Noboru Sasao and  Tadashi Nomura and  Hajime Nanjo and  Naoki Kawasaki and  Daichi Naito and  Yosuke Maeda and  Shigeto Seki and  Ichinori Kamiji},
  title     = {Gas Wire Chamber for In-Beam Charged Particle Detector in KOTO Experiment},
  booktitle = {Proceedings of the 2nd International Symposium on Science at J-PARC — Unlocking the Mysteries of Life, Matter and the Universe —},
  chapter   = {},
  pages     = {},
  doi       = {10.7566/JPSCP.8.024004},
  url       = {https://journals.jps.jp/doi/abs/10.7566/JPSCP.8.024004},
  eprint    = {https://journals.jps.jp/doi/pdf/10.7566/JPSCP.8.024004}
}

% BHCV2
@article{BHCV2,
  author  = {NAKAGIRI, Kota},
  title   = {{Development of gas wire chambers for in-beam charged particle detector in the KOTO experiment}},
  doi     = {10.22323/1.248.0081},
  journal = {PoS},
  year    = 2016,
  volume  = {FPCP2015},
  pages   = {081}
}

% CC04-CC06
@thesis{CC04,
  author      = {S. Banno},
  title       = {\dojapanese{J-PARC KOTO実験のカロリメータ下流部に設置するガンマ線検出器の開発とその性能評価}},
  type        = {M.S. thesis},
  language    = {Japanese},
  institution = {Osaka University},
  year        = {2013},
  eprint      = {http://www.rcnp.osaka-u.ac.jp/~jparchua/share/news/130326_mthesis_banno.pdf}
}

% LCV
@thesis{LCV,
  author      = {T. Oda},
  title       = {\dojapanese{KOTO実験におけるビーム周囲荷電粒子Veto検出器の開発}},
  type        = {M.S. thesis},
  language    = {Japanese},
  institution = {Saga University},
  year        = {2012},
  eprint      = {https://kds.kek.jp/indico/event/12173/attachments/8623/10578/2011M_ota.pdf}
}


% CC03
@thesis{CC03,
  author      = {Y. Odani},
  title       = {\dojapanese{中性K中間子稀崩壊実験のためのビーム周辺部ガンマ線検出器 について}},
  type        = {M.S. thesis},
  language    = {Japanese},
  institution = {Saga University},
  year        = {2012},
  eprint      = {https://kds.kek.jp/indico/event/6113/attachments/108075/128107/odani_master.pdf}
}

@thesis{CC04_CC06,
  author      = {Y. Takashima},
  title       = {\dojapanese{J-PARC KOTO実験用下流ガンマ線検出器の開発とその性能評価}},
  type        = {M.S. thesis},
  language    = {Japanese},
  institution = {Osaka University},
  year        = {2014},
  eprint      = {http://osksn2.hep.sci.osaka-u.ac.jp/theses/master/2013/takashima_mthesis.pdf}
}

% BPCV
@thesis{BPCV,
  author      = {K. Miyazaki},
  title       = {\dojapanese{J-PARC KOTO 実験における、$K_L\to\pi^+\pi^-\pi^0$背景事象削減 のための荷電粒子検出器の開発}},
  type        = {M.S. thesis},
  language    = {Japanese},
  institution = {Osaka University},
  year        = {2019},
  eprint      = {http://osksn2.hep.sci.osaka-u.ac.jp/theses/master/2015/miyazaki_mthesis.pdf}
}


% BHPV
@article{BHPV,
  author  = {Maeda, Y. and Kawasaki, N. and Masuda, T. and Morii, H. and Naito, D. and Nakajima, Y. and Nanjo, H. and Nomura, T. and Sasao, N. and Seki, S. and Shiomi, K. and Sumida, T. and Tajima, Y.},
  title   = {{An aerogel Cherenkov detector for multi-GeV photon detection with low sensitivity to neutrons}},
  journal = {Progress of Theoretical and Experimental Physics},
  volume  = {2015},
  number  = {6},
  year    = {2015},
  month   = {06},
  issn    = {2050-3911},
  doi     = {10.1093/ptep/ptv074},
  url     = {https://doi.org/10.1093/ptep/ptv074},
  note    = {063H01},
  eprint  = {https://academic.oup.com/ptep/article-pdf/2015/6/063H01/8085673/ptv074.pdf}
}

%BHGC
@article{BHGC,
  doi       = {10.1088/1742-6596/800/1/012044},
  url       = {https://doi.org/10.1088%2F1742-6596%2F800%2F1%2F012044},
  year      = 2017,
  month     = {jan},
  publisher = {{IOP} Publishing},
  volume    = {800},
  pages     = {012044},
  author    = {Satoshi Shinohara},
  title     = {Beam-edge Photon Detector with Low Sensitivity to Neutrons for the {KOTO} Experiment},
  journal   = {Journal of Physics: Conference Series},
  abstract  = {An acrylic Cherenkov counter named Beam Hole Guard Counter (BHGC) was developed as a photon-veto detector to cover the detection gap in the edge of the in-beam photon counter just outside of the beam core in the KOTO experiment. The KOTO experiment took physics data with the BHGC in 2015. We confirmed the stable operation and the expected performance of the BHGC. Therefore, the gap induced background can be rejected with the BHGC.}
}

%BHGC2
@article{BHGC2,
  author  = {SHINOHARA, Satoshi},
  title   = {{Development of Acrylic Cherenkov Counter in the KOTO experiment}},
  doi     = {10.22323/1.248.0079},
  journal = {PoS},
  year    = 2016,
  volume  = {FPCP2015},
  pages   = {079}
}

@thesis{shino_master_thesis,
  author      = {Satoshi Shinohara},
  title       = {\dojapanese{KOTO 実験におけるビーム外縁部を覆う中性 子低感度な光子検出器の開発と性能評価}},
  type        = {M.S. thesis},
  language    = {Japanese},
  institution = {Kyoto University},
  year        = {2016},
  eprint      = {https://www-he.scphys.kyoto-u.ac.jp/theses/master/shinohara_mt.pdf}
}

% CV
@misc{CV2,
  title         = {Charged-particle veto detector for the $K_L \to \pi^0 \nu \overline{\nu}$ study in the J-PARC K$^O$TO experiment},
  author        = {Yosuke Maeda},
  year          = {2012},
  eprint        = {1212.3678},
  archiveprefix = {arXiv},
  primaryclass  = {physics.ins-det}
}

@article{CV3,
  author  = {Naito, Daichi and Sasao, Noboru and Nomura, Tadashi and Nanjo, Hajime and Kawasaki, Naoki and Maeda, Yosuke and Seki, Shigeto and Kamiji, Ichinori and Nakagiri, Kota},
  title   = {{Evaluation of the Inefficiency of a Charged Particle Detector for the KOTO Experiment}},
  doi     = {10.7566/JPSCP.8.024003},
  journal = {JPS Conf. Proc.},
  volume  = {8},
  pages   = {024003},
  year    = {2015}
}

@article{CV,
  author   = {Naito, D. and Maeda, Y. and Kawasaki, N. and Masuda, T. and Nanjo, H. and Nomura, T. and Sasaki, M. and Sasao, N. and Seki, S. and Shiomi, K. and Tajima, Y.},
  title    = {{Development of a low-mass and high-efficiency charged-particle detector}},
  journal  = {Progress of Theoretical and Experimental Physics},
  volume   = {2016},
  number   = {2},
  year     = {2016},
  month    = {02},
  abstract = {{We have developed a low-mass and high-efficiency charged-particle detector for an experimental study of the rare decay \\$K\_L \\rightarrow \\pi ^0 \\nu \\bar \\{\\nu \\}\\$. The detector is important for suppressing the background with charged particles to the level below the signal branching ratio predicted by the Standard Model \\$\\left (O\\left (10^\\{-11\\}\\right )\\right )\\$. The detector consists of two layers of 3âmm thick plastic scintillators with embedded wavelength-shifting fibers and multi-pixel photon counters for the readout. We manufactured the counter and evaluated the performance in terms of light yield, timing resolution, and efficiency. With this design, we achieved an inefficiency per layer against penetrating charged particles of less than \\$1.5 \\times 10^\\{-5\\}\\$, which satisfies the requirement of the KOTO experiment determined from simulation studies.}},
  issn     = {2050-3911},
  doi      = {10.1093/ptep/ptv191},
  url      = {https://doi.org/10.1093/ptep/ptv191},
  note     = {023C01},
  eprint   = {https://academic.oup.com/ptep/article-pdf/2016/2/023C01/19301233/ptv191.pdf}
}






%BPM
@article{BPM,
  title    = {A neutral-beam profile monitor with a phosphor screen and a high-sensitivity camera for the J-PARC KOTO experiment},
  journal  = {Nuclear Instruments and Methods in Physics Research Section A: Accelerators, Spectrometers, Detectors and Associated Equipment},
  volume   = {885},
  pages    = {91 - 97},
  year     = {2018},
  issn     = {0168-9002},
  doi      = {https://doi.org/10.1016/j.nima.2017.12.019},
  url      = {http://www.sciencedirect.com/science/article/pii/S0168900217313736},
  author   = {T. Matsumura and I. Kamiji and K. Nakagiri and H. Nanjo and T. Nomura and N. Sasao and T. Shinkawa and K. Shiomi},
  keywords = {Beam profile, Neutral beam, Image intensifier, KOTO, J-PARC}
}

@article{flux_shiomi,
  title    = {Measurement of $K_L^0$ flux at the J-PARC neutral-kaon beam line},
  journal  = {Nuclear Instruments and Methods in Physics Research Section A: Accelerators, Spectrometers, Detectors and Associated Equipment},
  volume   = {664},
  number   = {1},
  pages    = {264 - 271},
  year     = {2012},
  issn     = {0168-9002},
  doi      = {https://doi.org/10.1016/j.nima.2011.11.010},
  url      = {http://www.sciencedirect.com/science/article/pii/S0168900211020444},
  author   = {K. Shiomi and K.Y. Baek and J. Comfort and E. Iwai and N. Kawasaki and J.W. Ko and T.K. Komatsubara and J.W. Lee and G.Y. Lim and Y. Maeda and T. Masuda and D. Naito and Y. Nakaya and H. Nanjo and T. Nomura and M. Sasaki and N. Sasao and K. Sato and T. Shimogawa and Y. Sugiyama and Y. Tajima and G. Takahashi and M. Togawa and H. Watanabe and T. Yamanaka and Y. Yanagida and H.Y. Yoshida},
  keywords = { production, J-PARC}
}

@article{flux_masuda,
  author  = {Masuda, T. and Ahn, J. K. and Banno, S. and Campbell, M. and Comfort, J. and Duh, Y. T. and Hineno, T. and Hsiung, Y. B. and Inagaki, T. and Iwai, E. and Kawasaki, N. and Kim, E. J. and Kim, Y. J. and Ko, J. W. and Komatsubara, T. K. and Kurilin, A. S. and Lee, G. H. and Lee, J. W. and Lee, S. K. and Lim, G. Y. and Ma, J. and MacFarland, D. and Maeda, Y. and Matsumura, T. and Murayama, R. and Naito, D. and Nakaya, Y. and Nanjo, H. and Nomura, T. and Odani, Y. and Okuno, H. and Ri, Y. D. and Sasao, N. and Sato, K. and Sato, T. and Seki, S. and Shimogawa, T. and Shinkawa, T. and Shiomi, K. and Son, J. S. and Sugiyama, Y. and Suzuki, S. and Tajima, Y. and Takahashi, G. and Takashima, Y. and Tecchio, M. and Togawa, M. and Toyoda, T. and Tung, Y. C. and Wah, Y. W. and Watanabe, H. and Woo, J. K. and Xu, J. and Yamanaka, T. and Yanagida, Y. and Yoshida, H. Y. and Yoshimoto, H.},
  title   = {{Long-lived neutral-kaon flux measurement for the KOTO experiment}},
  journal = {Progress of Theoretical and Experimental Physics},
  volume  = {2016},
  number  = {1},
  year    = {2016},
  month   = {01},
  issn    = {2050-3911},
  doi     = {10.1093/ptep/ptv171},
  url     = {https://doi.org/10.1093/ptep/ptv171},
  note    = {013C03},
  eprint  = {https://academic.oup.com/ptep/article-pdf/2016/1/013C03/9619692/ptv171.pdf}
}

@inproceedings{125MHz_ADC,
  author    = {M. {Bogdan} and J. {Genat} and Y. {Wah}},
  booktitle = {2009 16th IEEE-NPSS Real Time Conference},
  title     = {Custom DAQ Module for timing and energy measurements for J-Parc E14},
  year      = {2009},
  volume    = {},
  number    = {},
  pages     = {443-445},
  doi       = {10.1109/RTC.2009.5321611},
  issn      = {},
  month     = {May}
}

@inproceedings{500MHz_ADC,
  author    = {M. {Bogdan} and J. {Genat} and Y. {Wah}},
  booktitle = {2010 17th IEEE-NPSS Real Time Conference},
  title     = {Custom 12-Bit, 500MHZ ADC/Data Processing Module for the KOTO Experiment at J-Parc},
  year      = {2010},
  volume    = {},
  number    = {},
  pages     = {1-2},
  doi       = {10.1109/RTC.2010.5750452}
}


@unpublished{CDT,
  title  = {Crate Distribution and Trigger Processing Module for the KOTO Experiment},
  author = {M. Bogdan and Y. Luo and Y. Tung and Y. Wah},
  year   = {2017},
  note   = {Technology and Instrumentation in Particle Physics 2017 (TIPP2017) \url{https://indico.ihep.ac.cn//event/6387/contribution/17}}
}

@article{OFC,
  title    = {Optical fiber center module for the KOTO experiment},
  journal  = {Nuclear Instruments and Methods in Physics Research Section A: Accelerators, Spectrometers, Detectors and Associated Equipment},
  volume   = {936},
  pages    = {340 - 341},
  year     = {2019},
  note     = {Frontier Detectors for Frontier Physics: 14th Pisa Meeting on Advanced Detectors},
  issn     = {0168-9002},
  doi      = {https://doi.org/10.1016/j.nima.2018.09.151},
  url      = {http://www.sciencedirect.com/science/article/pii/S0168900218313081},
  author   = {M. Bogdan and C. Lin and Y. Luo and Y. Tung and Y. Wah},
  keywords = {ADC, Cluster trigger, FPGA, DAQ}
}

@article{DAQ_michigan,
  author  = {Y. {Sugiyama} and J. {Xu} and M. {Tecchio} and N. {Whallon} and D. {McFarland} and J. {Ma} and M. {Togawa} and Y. {Tajima} and M. {Bogdan} and J. {Ameel} and M. {Campbell} and Y. W. {Wah} and J. {Comfort} and T. {Yamanaka}},
  journal = {IEEE Transactions on Nuclear Science},
  title   = {The Data Acquisition System for the KOTO Experiment},
  year    = {2015},
  volume  = {62},
  number  = {3},
  pages   = {1115-1121},
  doi     = {10.1109/TNS.2015.2417312}
}

@unpublished{beam_structure_melissa,
  title  = {Beam Structure in Run78},
  author = {Melissa A. Hutcheson},
  year   = {2018},
  month  = {June},
  note   = {KOTO collaboration meeting (internal) \url{https://kds.kek.jp/event/27851/contributions/95967/attachments/76630/90842/Hutcheson_Beam_Structure_Run78_Collab_Meeting.pdf}}
}

@unpublished{pedestal_tracking,
  title  = {ADC Firmware - pedestal tracking},
  author = {Yu-Chen Tung},
  year   = {2018},
  month  = {April},
  note   = {KOTO regular meeting (internal) \url{https://kds.kek.jp/event/27285/contributions/92173/attachments/73737/87335/Pedestal_Tracking.pdf}}
}

@article{online_clustering,
  author  = {M. J. {Haney} and G. D. {Gollin} and T. {Yamanaka}},
  journal = {IEEE Conference on Nuclear Science Symposium and Medical Imaging},
  title   = {\textit{Cluster counting for E799/E832 at Fermilab}},
  year    = {1992},
  volume  = {},
  number  = {},
  pages   = {338-340 vol.1},
  doi     = {10.1109/NSSMIC.1992.301247}
}

@unpublished{packet_payload,
  title  = {KOTO Ethernet Packet Payload (v5)},
  author = {Monica Tecchio},
  year   = {2016},
  note   = {KOTO internal note}
}

@unpublished{lossless_compression,
  title  = {KOTO DAQ Overview},
  author = {Monica Tecchio},
  year   = {2016},
  month  = {April},
  note   = {Chicago Visit (internal)}
}

@unpublished{pedsup_size,
  title  = {Pedestal Suppression Summary and Optimization},
  author = {Yuting Luo},
  year   = {2019},
  month  = {June},
  note   = {KOTO collaboration meeting (internal) \url{https://kds.kek.jp/event/29937/contributions/108489/attachments/86145/102287/ps_opti.pdf}}
}

@unpublished{Z0Al_CDT,
  title  = {Z0-Al target run with CDT veto},
  author = {Kota Nakagiri},
  year   = {2017},
  month  = {June},
  note   = {KOTO regular meeting (internal) \url{https://kds.kek.jp/event/24670/contributions/77463/attachments/62107/73617/Nakagiri_20170602.pdf}}
}

@article{GEANT4_NIM,
  title    = {Geant4—a simulation toolkit},
  journal  = {Nuclear Instruments and Methods in Physics Research Section A: Accelerators, Spectrometers, Detectors and Associated Equipment},
  volume   = {506},
  number   = {3},
  pages    = {250-303},
  year     = {2003},
  issn     = {0168-9002},
  doi      = {https://doi.org/10.1016/S0168-9002(03)01368-8},
  url      = {https://www.sciencedirect.com/science/article/pii/S0168900203013688},
  author   = {S. Agostinelli and J. Allison and K. Amako and J. Apostolakis and H. Araujo and P. Arce and M. Asai and D. Axen and S. Banerjee and G. Barrand and F. Behner and L. Bellagamba and J. Boudreau and L. Broglia and A. Brunengo and H. Burkhardt and S. Chauvie and J. Chuma and R. Chytracek and G. Cooperman and G. Cosmo and P. Degtyarenko and A. Dell'Acqua and G. Depaola and D. Dietrich and R. Enami and A. Feliciello and C. Ferguson and H. Fesefeldt and G. Folger and F. Foppiano and A. Forti and S. Garelli and S. Giani and R. Giannitrapani and D. Gibin and J.J. {Gómez Cadenas} and I. González and G. {Gracia Abril} and G. Greeniaus and W. Greiner and V. Grichine and A. Grossheim and S. Guatelli and P. Gumplinger and R. Hamatsu and K. Hashimoto and H. Hasui and A. Heikkinen and A. Howard and V. Ivanchenko and A. Johnson and F.W. Jones and J. Kallenbach and N. Kanaya and M. Kawabata and Y. Kawabata and M. Kawaguti and S. Kelner and P. Kent and A. Kimura and T. Kodama and R. Kokoulin and M. Kossov and H. Kurashige and E. Lamanna and T. Lampén and V. Lara and V. Lefebure and F. Lei and M. Liendl and W. Lockman and F. Longo and S. Magni and M. Maire and E. Medernach and K. Minamimoto and P. {Mora de Freitas} and Y. Morita and K. Murakami and M. Nagamatu and R. Nartallo and P. Nieminen and T. Nishimura and K. Ohtsubo and M. Okamura and S. O'Neale and Y. Oohata and K. Paech and J. Perl and A. Pfeiffer and M.G. Pia and F. Ranjard and A. Rybin and S. Sadilov and E. {Di Salvo} and G. Santin and T. Sasaki and N. Savvas and Y. Sawada and S. Scherer and S. Sei and V. Sirotenko and D. Smith and N. Starkov and H. Stoecker and J. Sulkimo and M. Takahata and S. Tanaka and E. Tcherniaev and E. {Safai Tehrani} and M. Tropeano and P. Truscott and H. Uno and L. Urban and P. Urban and M. Verderi and A. Walkden and W. Wander and H. Weber and J.P. Wellisch and T. Wenaus and D.C. Williams and D. Wright and T. Yamada and H. Yoshida and D. Zschiesche},
  keywords = {Simulation, Particle interactions, Geometrical modelling, Software engineering, Object-oriented technology, Distributed software development},
  abstract = {Geant4 is a toolkit for simulating the passage of particles through matter. It includes a complete range of functionality including tracking, geometry, physics models and hits. The physics processes offered cover a comprehensive range, including electromagnetic, hadronic and optical processes, a large set of long-lived particles, materials and elements, over a wide energy range starting, in some cases, from 250eV and extending in others to the TeV energy range. It has been designed and constructed to expose the physics models utilised, to handle complex geometries, and to enable its easy adaptation for optimal use in different sets of applications. The toolkit is the result of a worldwide collaboration of physicists and software engineers. It has been created exploiting software engineering and object-oriented technology and implemented in the C++ programming language. It has been used in applications in particle physics, nuclear physics, accelerator design, space engineering and medical physics.}
}


@article{GEANT4_IEEE,
  author  = {J. {Allison} and K. {Amako} and J. {Apostolakis} and H. {Araujo} and P. {Arce Dubois} and M. {Asai} and G. {Barrand} and R. {Capra} and S. {Chauvie} and R. {Chytracek} and G. A. P. {Cirrone} and G. {Cooperman} and G. {Cosmo} and G. {Cuttone} and G. G. {Daquino} and M. {Donszelmann} and M. {Dressel} and G. {Folger} and F. {Foppiano} and J. {Generowicz} and V. {Grichine} and S. {Guatelli} and P. {Gumplinger} and A. {Heikkinen} and I. {Hrivnacova} and A. {Howard} and S. {Incerti} and V. {Ivanchenko} and T. {Johnson} and F. {Jones} and T. {Koi} and R. {Kokoulin} and M. {Kossov} and H. {Kurashige} and V. {Lara} and S. {Larsson} and F. {Lei} and O. {Link} and F. {Longo} and M. {Maire} and A. {Mantero} and B. {Mascialino} and I. {McLaren} and P. {Mendez Lorenzo} and K. {Minamimoto} and K. {Murakami} and P. {Nieminen} and L. {Pandola} and S. {Parlati} and L. {Peralta} and J. {Perl} and A. {Pfeiffer} and M. G. {Pia} and A. {Ribon} and P. {Rodrigues} and G. {Russo} and S. {Sadilov} and G. {Santin} and T. {Sasaki} and D. {Smith} and N. {Starkov} and S. {Tanaka} and E. {Tcherniaev} and B. {Tome} and A. {Trindade} and P. {Truscott} and L. {Urban} and M. {Verderi} and A. {Walkden} and J. P. {Wellisch} and D. C. {Williams} and D. {Wright} and H. {Yoshida}},
  journal = {IEEE Transactions on Nuclear Science},
  title   = {Geant4 developments and applications},
  year    = {2006},
  volume  = {53},
  number  = {1},
  pages   = {270-278},
  doi     = {10.1109/TNS.2006.869826}
}



@article{GEANT4_NIM2,
  title    = {Recent developments in Geant4},
  journal  = {Nuclear Instruments and Methods in Physics Research Section A: Accelerators, Spectrometers, Detectors and Associated Equipment},
  volume   = {835},
  pages    = {186-225},
  year     = {2016},
  issn     = {0168-9002},
  doi      = {https://doi.org/10.1016/j.nima.2016.06.125},
  url      = {https://www.sciencedirect.com/science/article/pii/S0168900216306957},
  author   = {J. Allison and K. Amako and J. Apostolakis and P. Arce and M. Asai and T. Aso and E. Bagli and A. Bagulya and S. Banerjee and G. Barrand and B.R. Beck and A.G. Bogdanov and D. Brandt and J.M.C. Brown and H. Burkhardt and Ph. Canal and D. Cano-Ott and S. Chauvie and K. Cho and G.A.P. Cirrone and G. Cooperman and M.A. Cortés-Giraldo and G. Cosmo and G. Cuttone and G. Depaola and L. Desorgher and X. Dong and A. Dotti and V.D. Elvira and G. Folger and Z. Francis and A. Galoyan and L. Garnier and M. Gayer and K.L. Genser and V.M. Grichine and S. Guatelli and P. Guèye and P. Gumplinger and A.S. Howard and I. Hřivnáčová and S. Hwang and S. Incerti and A. Ivanchenko and V.N. Ivanchenko and F.W. Jones and S.Y. Jun and P. Kaitaniemi and N. Karakatsanis and M. Karamitros and M. Kelsey and A. Kimura and T. Koi and H. Kurashige and A. Lechner and S.B. Lee and F. Longo and M. Maire and D. Mancusi and A. Mantero and E. Mendoza and B. Morgan and K. Murakami and T. Nikitina and L. Pandola and P. Paprocki and J. Perl and I. Petrović and M.G. Pia and W. Pokorski and J.M. Quesada and M. Raine and M.A. Reis and A. Ribon and A. {Ristić Fira} and F. Romano and G. Russo and G. Santin and T. Sasaki and D. Sawkey and J.I. Shin and I.I. Strakovsky and A. Taborda and S. Tanaka and B. Tomé and T. Toshito and H.N. Tran and P.R. Truscott and L. Urban and V. Uzhinsky and J.M. Verbeke and M. Verderi and B.L. Wendt and H. Wenzel and D.H. Wright and D.M. Wright and T. Yamashita and J. Yarba and H. Yoshida},
  keywords = {High energy physics, Nuclear physics, Radiation, Simulation, Computing},
  abstract = {Geant4 is a software toolkit for the simulation of the passage of particles through matter. It is used by a large number of experiments and projects in a variety of application domains, including high energy physics, astrophysics and space science, medical physics and radiation protection. Over the past several years, major changes have been made to the toolkit in order to accommodate the needs of these user communities, and to efficiently exploit the growth of computing power made available by advances in technology. The adaptation of Geant4 to multithreading, advances in physics, detector modeling and visualization, extensions to the toolkit, including biasing and reverse Monte Carlo, and tools for physics and release validation are discussed here.}
}

@unpublished{timing_smearing,
  title  = {Timing study},
  author = {Satoshi Shinohara},
  year   = {2019},
  month  = {June},
  note   = {KOTO analysis meeting (internal) \url{https://kds.kek.jp/event/31514/contributions/117697/attachments/91734/109095/Shinohara20190613_smearing.pdf}}
}

@misc{Maeda_CV,
  title         = {Charged-particle veto detector for the $K_L \to \pi^0 \nu \bar\nu$ study in the J-PARC K$^O$TO experiment},
  author        = {Yosuke Maeda},
  year          = {2012},
  eprint        = {1212.3678},
  archiveprefix = {arXiv},
  primaryclass  = {physics.ins-det}
}

@article{target,
  author   = {Takahashi, H.and Agari, K. and Aoki, K. and Hagiwara, M. and Hirose, E. and Ieiri, M. and Iwasaki, R. and Katoh, Y. and Minakawa, M. and Muto, R. and Naruki, M. and Noumi, H. and Sato, Y. and Sawada, S. and Shirakabe, Y. and Suzuki, Y. and Tanaka, K. H. and Toyoda, A. and Watanabe, H. and Yamanoi, Y.},
  title    = {Indirectly water-cooled production target at J-PARC hadron facility},
  journal  = {Journal of Radioanalytical and Nuclear Chemistry},
  year     = {2015},
  month    = {Sep},
  day      = {01},
  volume   = {305},
  number   = {3},
  pages    = {803-809},
  abstract = {After the radioactive material leak accident at the J-PARC hadron experimental facility on May 23, 2013, we designed a new production target, which is capable of a primary proton beam with the energy of 30 GeV and power of 50 kW. It is made of gold and cooled by water through a copper block. For the countermeasures of the recurrence of the accident, the target is enclosed by an airtight chamber and helium gas is circulated to monitor the target soundness. In this paper, technical details of the new target design are presented.},
  issn     = {1588-2780},
  doi      = {10.1007/s10967-015-3940-9},
  url      = {https://doi.org/10.1007/s10967-015-3940-9}
}

@unpublished{timing_correction,
  title  = {Timing Correction},
  author = {Koji Shiomi},
  year   = {2019},
  month  = {June},
  note   = {KOTO analysis meeting (internal) \url{https://kds.kek.jp/event/31514/contributions/117700/attachments/91730/109090/Meet20190613_TimingCorrection.pdf}}
}

@article{csi_iwai,
  title    = {Performance study of a prototype pure CsI calorimeter for the KOTO experiment},
  journal  = {Nuclear Instruments and Methods in Physics Research Section A: Accelerators, Spectrometers, Detectors and Associated Equipment},
  volume   = {786},
  pages    = {135-141},
  year     = {2015},
  issn     = {0168-9002},
  doi      = {https://doi.org/10.1016/j.nima.2015.02.046},
  url      = {https://www.sciencedirect.com/science/article/pii/S0168900215002569},
  author   = {E. Iwai and J.W. Lee and T. Masuda and D. McFarland and Y. Nakaya and Y.D. Ri and K. Sato and K. Shiomi and Y. Sugiyama and Y. Tajima and M. Tecchio and M. Togawa and Y.C. Tung and T. Yamanaka},
  keywords = {Electromagnetic calorimeter, Pure CsI, , KOTO experiment},
  abstract = {The performance of the CsI electromagnetic calorimeter to be used for the J-PARC E14 KOTO experiment for a rare decay KL→π0νν¯ was studied by using a positron beam from an accelerator. The energy, timing, and position resolutions for energies up to 800MeV were measured. We also developed a new method to reconstruct the incident angle of photons based on the shower shape recorded with the calorimeter, and evaluated the method to suppress possible backgrounds for KL→π0νν¯ decay signals.}
}

@article{neutron_BG_yc,
  author        = {Tung, Y. -C. and others},
  title         = {{Suppression of neutron background using deep neural network and Fourier frequency analysis at the KOTO experiment}},
  eprint        = {2309.12063},
  archiveprefix = {arXiv},
  primaryclass  = {hep-ex},
  doi           = {10.1016/j.nima.2023.169010},
  journal       = {Nucl. Instrum. Meth. A},
  volume        = {1059},
  pages         = {169010},
  year          = {2024}
}

@unpublished{un_neutron_BG_yc,
  title  = {Neutron Background in RUN70’s},
  author = {Yu-Chen Tung},
  year   = {2018},
  month  = {December},
  note   = {KOTO collaboration meeting (internal) \url{https://kds.kek.jp/event/28672/contributions/100075/attachments/79660/94634/CollaborationMeeting_Dec2018.pdf}}
}

@unpublished{EtaCSD_qlin,
  title  = {EtaCSD and its application on Run65 and Run79},
  author = {Qisen Lin},
  year   = {2018},
  month  = {December},
  note   = {KOTO collaboration meeting (internal) \url{https://kds.kek.jp/event/28672/contributions/100078/attachments/79665/94639/EtaCSD_on_run65__run79.pdf}}
}

@article{yasu,
  title   = {Pulse shape discrimination of photons and neutrons in the energy range of 0.1 - 2 GeV with the KOTO un-doped CsI calorimeter},
  journal = {Nuclear Instruments and Methods in Physics Research Section A: Accelerators, Spectrometers, Detectors and Associated Equipment},
  volume  = {987},
  pages   = {164825},
  year    = {2021},
  issn    = {0168-9002},
  doi     = {https://doi.org/10.1016/j.nima.2020.164825},
  url     = {https://www.sciencedirect.com/science/article/pii/S0168900220312225},
  author  = {Y. Sugiyama and J.K. Ahn and S. Banno and B. Beckford and M. Campbell and S.H. Chen and J. Comfort and Y.T. Duh and T. Hineno and Y.B. Hsiung and M. Hutcheson and E. Iwai and I. Kamiji and N. Kawasaki and E.J. Kim and J.L. Kim and Y.J. Kim and J.W. Ko and T.K. Komatsubara and A.S. Kurilin and J.W. Lee and S.K. Lee and G.Y. Lim and C. Lin and Q. Lin and Y. Luo and J. Ma and Y. Maeda and T. Masuda and T. Matsumura and D. Mcfarland and R. Murayama and D. Naito and K. Nakagiri and Y. Nakaya and H. Nanjo and T. Nomura and Y. Odani and J.C. Redeker and Y.D. Ri and N. Sasao and K. Sato and S. Seki and T. Shimogawa and T. Shinkawa and S. Shinohara and K. Shiomi and S. Su and S. Suzuki and Y. Tajima and G. Takahashi and Y. Takashima and M. Tecchio and M. Togawa and Y.C. Tung and Y.W. Wah and H. Watanabe and N. Whallon and J.K. Woo and J. Xu and T. Yamanaka and Y. Yanagida and H.Y. Yoshida and H. Yoshimoto}
}

@unpublished{CSD_input,
  title  = {CSD Input Variables},
  author = {Yu-Chen Tung},
  year   = {2016},
  month  = {July},
  note   = {KOTO analysis meeting (internal) \url{https://kds.kek.jp/event/22053/contributions/62083/attachments/49536/58847/CSDInputs.pdf}}
}

@unpublished{theta_NN,
  title  = {Remaning Events},
  author = {Yu-Chen Tung},
  year   = {2016},
  month  = {November},
  note   = {KOTO regular meeting (internal) \url{https://kds.kek.jp/event/22901/contributions/66922/attachments/53391/63433/RemainingEvents_3.pdf}}
}

@unpublished{KLpipipi0DL,
  title  = {${K_L^0\to\pi^0\pi^+\pi^-}$ Background Reduction using DNN},
  author = {Joseph Redeker},
  year   = {2019},
  month  = {August},
  note   = {KOTO regular meeting (internal) \url{https://kds.kek.jp/indico/event/31999/session/1/contribution/6/material/slides/0.pdf}}
}


@article{KAON2019,
  author        = {Shinohara, S.},
  editor        = {Cenci, Patrizia and Piccini, Mauro},
  collaboration = {KOTO},
  title         = {{Search for the rare decay $K_L \to \pi^0 \nu \bar \nu$ at J-PARC KOTO experiment}},
  doi           = {10.1088/1742-6596/1526/1/012002},
  journal       = {J. Phys. Conf. Ser.},
  volume        = {1526},
  number        = {1},
  pages         = {012002},
  year          = {2020}
}

@unpublished{KC_BG_nomura,
  title  = {Charged Kaon Background},
  author = {Tadashi Nomura},
  year   = {2019},
  month  = {September},
  note   = {KOTO regular meeting (internal) \url{https://kds.kek.jp/event/32251/contributions/121784/attachments/126015/149391/190927-chargedKBG-v1.pdf}}
}

@unpublished{KC_BG_shimizu,
  title  = {Study of $K^{+}$  Acceptance},
  author = {Nobuhiro Shimizu},
  year   = {2020},
  month  = {August},
  note   = {KOTO regular meeting (internal) \url{https://kds.kek.jp/event/35441/contributions/174318/attachments/135463/164380/JUM_20200905_shimizu_charged_kaon.pdf}}
}

@unpublished{KC_BG_shimizu2,
  title  = {Study of $K^{+}$  Acceptance},
  author = {Nobuhiro Shimizu},
  year   = {2020},
  month  = {September},
  note   = {KOTO regular meeting (internal) \url{https://kds.kek.jp/event/35305/contributions/173008/attachments/134853/163384/JUM_20200608_shimizu_charged_kaon.pdf}}
}

@unpublished{KC_flux_shimizu,
  title  = {Study of $K^{+}$  Flux Measurement},
  author = {Nobuhiro Shimizu},
  year   = {2020},
  month  = {April},
  note   = {KOTO regular meeting (internal) \url{https://kds.kek.jp/event/34055/contributions/166267/attachments/131705/158503/Fri_Kp_pipi0_20200424.pdf}}
}

@unpublished{UCV_assembly,
  title  = {Assembly of UCV},
  author = {Katsushige KOTERA},
  year   = {2019},
  month  = {December},
  note   = {KOTO regular meeting (internal) \url{https://kds.kek.jp/event/32409/contributions/161348/attachments/128165/152681/0jc12collaboMeetingcoterra.pdf}}
}

@unpublished{UCV_general,
  title  = {Requirement and performance of the upstream charged veto and plan of the next run},
  author = {Nobuhiro SHIMIZU},
  year   = {2019},
  month  = {December},
  note   = {KOTO regular meeting (internal) \url{https://kds.kek.jp/event/32409/contributions/161347/attachments/128166/152682/Collabo_UCV_general.pdf}}
}

@thesis{Noich,
  author      = {Noichi Yuya},
  title       = {\dojapanese{J-PARC KOTO 実験における $K_L\to 2 \gamma$ 背景事象数の評価と削減}},
  type        = {Ph.D. thesis},
  institution = {Osaka University},
  year        = {2021},
  eprint      = {http://osksn2.hep.sci.osaka-u.ac.jp/theses/master/2020/MasterThesis2020_Noichi.pdf}
}

@unpublished{klpi0nn_KLbgls,
  title  = {Study of various $K_L^0$ decays},
  author = {Nobuhiro SHIMIZU},
  year   = {2019},
  month  = {December},
  note   = {KOTO collaboration meeting (internal) \url{https://kds.kek.jp/event/32409/contributions/161333/attachments/128147/152645/Collabo_Study_various_decays.pdf}}
}


@inproceedings{csi_both_end,
  author    = {Kotera, Katsushige},
  title     = {{Construction and performance of 4-D CsI calorimeter for the $K_L\to \pi^0 \nu \bar{\nu}$ search of KOTO experiment}},
  doi       = {10.22323/1.390.0749},
  booktitle = {Proceedings of 40th International Conference on High Energy physics {\textemdash} PoS(ICHEP2020)},
  year      = 2021,
  volume    = {390},
  pages     = {749}
}

@article{DCV,
  doi       = {10.1088/1742-6596/1526/1/012032},
  url       = {https://doi.org/10.1088/1742-6596/1526/1/012032},
  year      = 2020,
  month     = {apr},
  publisher = {{IOP} Publishing},
  volume    = {1526},
  pages     = {012032},
  author    = {H M Kim and},
  title     = {A new charged particle detector for the {KOTO} experiment at J-{PARC}},
  journal   = {Journal of Physics: Conference Series}
}

@article{UCV,
  doi       = {10.1088/1742-6596/1526/1/012032},
  url       = {https://doi.org/10.1088/1742-6596/1526/1/012032},
  year      = 2020,
  month     = {apr},
  publisher = {{IOP} Publishing},
  volume    = {1526},
  pages     = {012032},
  author    = {H M Kim and},
  title     = {A new charged particle detector for the {KOTO} experiment at J-{PARC}},
  journal   = {Journal of Physics: Conference Series}
}

@unpublished{DAQ_future,
  title  = {KOTO DAQ in future},
  author = {Qisen Lin},
  year   = {2020},
  month  = {July},
  note   = {KOTO collaboration meeting (internal) \url{https://kds.kek.jp/event/33399/contributions/171383/attachments/133691/161541/DAQ_plan_Qisen_Lin.pdf}}
}

@unpublished{mppc_status,
  title  = {Final report of gluing MPPCs on the CsI calorimeter},
  author = {K. Kotera},
  year   = {2018},
  month  = {December},
  note   = {KOTO collaboration meeting (internal) \url{https://kds.kek.jp/event/28672/contributions/100092/attachments/79649/94622/0icCollaborMeeting_coterrakey8.pdf}}
}

@unpublished{ucv_2021,
  title  = {Development and Performance of a Low Mass In-Beam Charged Particle Detector for the KOTO Experiment},
  author = {Ryota Shiraishi},
  year   = {2021},
  month  = {April},
  note   = {US-Japan Hawaii Symposium of the US-Japan Science and Technology Cooperation Program \url{https://conference-indico.kek.jp/event/119/contributions/2248/attachments/1770/2030/21-Ryota_Shiraishi_US_Japan_Symposium2021_v2.pdf}}
}

@unpublished{shino_SES_uncertainty,
  title  = {Single Event Sensitivity and Uncertainty},
  author = {Satoshi Shinohara},
  year   = {2020},
  month  = {December},
  note   = {Analysis note (internal)}
}

@article{shino_kaon2019,
  author        = {Shinohara, S.},
  editor        = {Cenci, Patrizia and Piccini, Mauro},
  collaboration = {KOTO},
  title         = {{Search for the rare decay $K_L \to \pi^0 \nu \bar \nu$ at J-PARC KOTO experiment}},
  doi           = {10.1088/1742-6596/1526/1/012002},
  journal       = {J. Phys. Conf. Ser.},
  volume        = {1526},
  number        = {1},
  pages         = {012002},
  year          = {2020}
}

@article{NA62_2021,
  author        = {Cortina Gil, Eduardo and others},
  collaboration = {NA62},
  title         = {{Measurement of the very rare K$^{+}$\textrightarrow{}$ {\pi}^{+}\nu \overline{\nu} $ decay}},
  eprint        = {2103.15389},
  archiveprefix = {arXiv},
  primaryclass  = {hep-ex},
  doi           = {10.1007/JHEP06(2021)093},
  journal       = {JHEP},
  volume        = {06},
  pages         = {093},
  year          = {2021}
}

@article{Buras_2015,
  doi       = {10.1007/jhep11(2015)033},
  url       = {https://doi.org/10.1007%2Fjhep11%282015%29033},
  year      = 2015,
  month     = {nov},
  publisher = {Springer Science and Business Media {LLC}
               },
  volume    = {2015},
  number    = {11},
  author    = {Andrzej J. Buras and Dario Buttazzo and Jennifer Girrbach-Noe and Robert Knegjens},
  title     = {{$K^+\to\pi^+\nu\bar\nu$} and {$K_L \to\pi^0\nu\bar\nu$} in the Standard Model: status and perspectives},
  journal   = {Journal of High Energy Physics}
}

@article{HEF,
  author  = {Kumano, Shunzo},
  year    = {2022},
  month   = {05},
  pages   = {565-577},
  title   = {J-PARC Hadron Physics and Future Possibilities on Color Transparency},
  volume  = {4},
  journal = {Physics},
  doi     = {10.3390/physics4020037}
}

@article{yc2024,
  title    = {Suppression of neutron background using deep neural network and Fourier frequency analysis at the KOTO experiment},
  journal  = {Nuclear Instruments and Methods in Physics Research Section A: Accelerators, Spectrometers, Detectors and Associated Equipment},
  volume   = {1059},
  pages    = {169010},
  year     = {2024},
  issn     = {0168-9002},
  doi      = {https://doi.org/10.1016/j.nima.2023.169010},
  url      = {https://www.sciencedirect.com/science/article/pii/S0168900223010100},
  author   = {Y.-C. Tung and J. Li and Y.B. Hsiung and C. Lin and H. Nanjo and T. Nomura and J.C. Redeker and N. Shimizu and S. Shinohara and K. Shiomi and Y.W. Wah and T. Yamanaka},
  keywords = {Rare kaon decay, Convolutional neural network, Deep learning, Cluster shape discrimination, Pulse shape discrimination, Fourier frequency analysis},
  abstract = {We present two analysis techniques for distinguishing background events induced by neutrons from photon signal events in the search for the rare KL0→π0νν̄ decay at the J-PARC KOTO experiment. These techniques employed a deep convolutional neural network and Fourier frequency analysis to discriminate neutrons from photons, based on their variations in cluster shape and pulse shape, in the electromagnetic calorimeter made of undoped CsI. The results effectively suppressed the neutron background by a factor of 5.6×105, while maintaining the efficiency of KL0→π0νν̄ at 70%.}
}

@article{SHIMOGAWA2010585,
  author     = {T. Shimogawa},
  doi        = {https://doi.org/10.1016/j.nima.2010.03.078},
  issn       = {0168-9002},
  journal    = {Nuclear Instruments and Methods in Physics Research Section A: Accelerators, Spectrometers, Detectors and Associated Equipment},
  keywords   = {Neutral beamline,},
  note       = {1st International Conference on Technology and Instrumentation in Particle Physics},
  number     = {1},
  pages      = {585-587},
  title      = {Design of the neutral K0L beamline for the KOTO experiment},
  url        = {https://www.sciencedirect.com/science/article/pii/S016890021000642X},
  volume     = {623},
  year       = {2010},
  bdsk-url-1 = {https://www.sciencedirect.com/science/article/pii/S016890021000642X},
  bdsk-url-2 = {https://doi.org/10.1016/j.nima.2010.03.078}
}


@article{darkphoton-su,
  author        = {Su, Jhih-Ying and Tandean, Jusak},
  date          = {2020/09/05},
  date-added    = {2024-07-22 17:34:06 +0200},
  date-modified = {2024-07-22 17:34:06 +0200},
  doi           = {10.1140/epjc/s10052-020-8338-3},
  id            = {Su2020},
  isbn          = {1434-6052},
  journal       = {The European Physical Journal C},
  number        = {9},
  pages         = {824},
  title         = {Kaon decays shedding light on massless dark photons},
  url           = {https://doi.org/10.1140/epjc/s10052-020-8338-3},
  volume        = {80},
  year          = {2020},
  bdsk-url-1    = {https://doi.org/10.1140/epjc/s10052-020-8338-3}
}

@book{the-dark-photon,
   title={The Physics of the Dark Photon: A Primer},
   ISBN={9783030625191},
   ISSN={2191-5431},
   url={http://dx.doi.org/10.1007/978-3-030-62519-1},
   DOI={10.1007/978-3-030-62519-1},
   journal={SpringerBriefs in Physics},
   publisher={Springer International Publishing},
   author={Fabbrichesi, Marco and Gabrielli, Emidio and Lanfranchi, Gaia},
   year={2021} }

@article{daq:jay-ichep2022,
  author = "Lin, Chieh",
  title = "{Data-Acquisition System Upgrade for the KOTO Experiment}",
  doi = "10.22323/1.414.0242",
  journal = "PoS",
  year = 2022,
  volume = "ICHEP2022",
  pages = "242"
}