@article{geant4_toolkit,
  author = {S. Agostinelli et al.},
  title = {Geant4: A Simulation Toolkit},
  journal = {Nuclear Instruments and Methods in Physics Research A},
  volume = {506},
  number = {3},
  pages = {250-303},
  year = {2003}
}

@manual{geant4_introduction,
  author = {Geant4 Collaboration},
  title = {Introduction to Geant4},
  year = {2025},
  url = {https://geant4-userdoc.web.cern.ch/UsersGuides/IntroductionToGeant4/fo/IntroductionToGeant4.pdf}
}

@manual{geant4_physics_list,
  author = {Geant4 Collaboration},
  title = {Physics List Guide for Geant4},
  year = {2025},
  url = {https://geant4-userdoc.web.cern.ch/UsersGuides/PhysicsListGuide/fo/PhysicsListGuide.pdf}
}

@manual{geant4_physics_reference,
  author = {Geant4 Collaboration},
  title = {Physics Reference Manual for Geant4},
  year = {2025},
  url = {https://geant4-userdoc.web.cern.ch/UsersGuides/PhysicsReferenceManual/fo/PhysicsReferenceManual.pdf}
}

@manual{geant4_toolkit_developers,
  author = {Geant4 Collaboration},
  title = {Book for Toolkit Developers},
  year = {2025},
  url = {https://geant4-userdoc.web.cern.ch/UsersGuides/ForToolkitDeveloper/fo/BookForToolkitDevelopers.pdf}
}

@misc{geant4_simulation,
	title = {celeritas-project/hgcal: {A} {Geant4} simulation of the 2018 {CMS} {HGCAL} test-beam for geant-val.},
	url = {https://github.com/celeritas-project/hgcal/tree/main},
	urldate = {2025-02-07},
	file = {celeritas-project/hgcal\: A Geant4 simulation of the 2018 CMS HGCAL test-beam for geant-val.:files/113/main.html:text/html},
}

@article{geant4_reference,
  author = {Agostinelli, S. and others},
  title = {Geant4â€”a simulation toolkit},
  journal = {Nuclear Instruments and Methods in Physics Research A},
  volume = {506},
  number = {3},
  pages = {250-303},
  year = {2003},
  doi = {10.1016/S0168-9002(03)01368-8}
}

@misc{geant4_doc,
  author = {{Geant4 Collaboration}},
  title = {Geant4 User Documentation},
  year = {2024},
  note = {Available at: \url{https://geant4-userdoc.web.cern.ch}}
}

@article{geant4_validation,
  author = {Allison, J. and others},
  title = {Recent developments in Geant4},
  journal = {Nuclear Instruments and Methods in Physics Research A},
  volume = {835},
  pages = {186-225},
  year = {2016},
  doi = {10.1016/j.nima.2016.06.125}
}