@misc{inceptionv3,
	title = {{FID} â€” {PyTorch}-{Ignite} v0.5.1 {Documentation}},
	url = {https://pytorch.org/ignite/},
	abstract = {High-level library to help with training and evaluating neural networks in PyTorch flexibly and transparently.},
	language = {en},
	urldate = {2025-01-22},
	journal = {PyTorch-Ignite},
	author = {Contributors, PyTorch-Ignite},
	file = {Snapshot:files/101/ignite.metrics.FID.html:text/html},
}

@misc{pytorch,
	title = {{PyTorch}},
	url = {https://pytorch.org/},
	language = {en},
	urldate = {2025-01-22},
	journal = {PyTorch},
	file = {Snapshot:files/103/pytorch.org.html:text/html},
}
